2535 3077
85 199 91 206 ¹
149 215 362 265 Prodigium
401 216 518 263 illud,
549 227 622 266 quo
656 218 826 256 Laocoon
864 218 1034 262 moritur,
1072 218 1308 267 repetendum
1344 220 1399 255 est
1432 229 1455 255 a
1492 217 1600 258 simili
1627 220 1810 267 portento,
1837 217 1935 268 qued
1958 215 2120 270 Achivis
2121 215 2279 260 uadit
2276 190 2372 265 ξιξῖ
2382 180 2388 189 ⁴

150 275 284 315 Aulide
307 276 458 315 inclusis
469 276 523 326 ¹)
548 287 684 326 preces,
710 278 844 325 quibus
869 277 1007 315 Creusa
1032 279 1194 315 Aeneam
1220 290 1243 315 a
1268 289 1393 327 pugna
1416 278 1571 316 retinere
1596 278 1682 323 vult,
1709 278 1790 316 sine
1814 278 1925 317 dnbio
1946 277 1993 316 ad
2013 277 2158 318 illarum
2174 273 2330 330 prm&
2401 281 2417 284 ’“
2441 272 2467 283 ”
2490 245 2535 333 ¹..

148 335 359 385 imaginun,
386 336 605 385 compositae
630 340 727 381 sunt,
753 337 888 385 quibus
913 337 1168 375 Andromache
1186 338 1329 375 Hectori
1355 337 1550 376 discedenti
1576 349 1784 404 supremum
1810 338 1898 376 dicit
1914 337 2012 376 vale!
2035 337 2145 387 (Ae'n.
2161 336 2210 384 Π,
2222 334 2322 384 6873

148 393 192 432 11.
211 394 274 439 VI,
292 394 398 445 394).
425 394 635 444 Congruere
661 395 828 433 videntur
845 397 991 432 Aeneae
1017 396 1191 433 adventus
1216 397 1310 444 apud
1328 397 1548 441 Evandrum,
1576 397 1636 444 qui
1656 401 1733 433 tum
1751 397 1927 434 sacrificia
1943 397 2040 443 facit,
2065 400 2103 434 et
2118 395 2324 435 Telemachi

151 456 389 493 aceeseusad
414 455 580 492 Nestoris
605 456 732 492 urbem
760 455 903 502 aliaque
929 456 1016 492 talia
1042 456 1151 503 (Aen.
1171 456 1269 500 VIII,
1291 457 1380 500 102;
1405 456 1470 494 Od.
1489 456 1553 500 III,
1574 457 1650 503 35).
1680 477 1722 484 —
1754 457 1974 505 Quocunque
1990 457 2162 501 videmus,
2188 456 2324 504 ubique

150 513 256 553 facile
282 518 338 554 est
363 514 564 561 intellectu,
593 514 813 562 Vergilium,
841 515 950 552 etiam
977 526 1098 552 rerum
1115 518 1353 553 narratarum
1381 519 1510 553 natura
1536 523 1765 561 commotum,
1801 516 2000 554 Homerum
2026 516 2205 555 imitatum
2231 525 2323 554 esse.

104 589 115 607 x
153 575 270 622 Quam
312 576 358 612 ob
396 586 544 613 causam
573 575 770 619 videamus,
813 587 861 612 an
888 576 1069 623 Vergilius
1105 577 1212 613 etiam
1248 576 1318 613 illis
1344 576 1430 613 loeis
1456 577 1603 613 Homeri
1631 577 1782 625 vestigia
1805 581 1951 615 secutus
1977 577 2033 622 sit,
2061 578 2191 625 quibus
2217 587 2324 615 suum

153 635 335 683 quoddam
361 634 569 672 institutum
598 645 775 681 suamque
801 634 1021 671 voluntatem
1049 636 1218 682 consequi
1246 636 1377 683 potuit,
1406 636 1615 683 praesertim
1642 637 1681 673 in
1708 637 1868 674 carmine
1893 648 1958 674 suo
1984 636 2191 675 exornando
2217 647 2324 674 orna-

152 696 356 744 mentisque
382 696 651 745 distinguendo.
681 695 774 733 Cum
800 696 844 733 de
871 694 1038 743 epithetis
1065 695 1142 743 ejus
1169 696 1381 733 ornantibus
1407 696 1681 744 disputaremus,
1711 696 1755 734 de
1779 696 1813 734 vi
1840 696 1926 745 ejus,
1954 707 2047 744 quae
2070 696 2231 735 inventio
2248 697 2323 734 sive

150 755 365 806 excogitatio
391 755 532 803 dicitur,
560 757 695 806 optimo
718 756 800 805 jure
826 756 992 793 dubitare
1018 756 1208 804 potuimus,
1236 757 1298 794 sed
1325 757 1399 793 fere
1426 760 1603 806 purgatus
1632 766 1711 793 esse
1739 756 1942 801 videbatur,
1982 766 2064 793 cum
2098 757 2324 794 animadver-

149 821 326 860 teremus,
362 817 486 853 omnia
521 817 681 865 epitheta
716 828 737 852 a
771 817 950 863 prioribus
985 817 1099 863 poetis
1127 818 1256 853 tradita
1283 828 1371 853 esse.
1425 818 1762 865 Comparationibus
1789 822 1908 854 autem
1934 818 2012 864 ejus
2037 818 2323 865 contemplandis

149 875 383 915 manifestum
424 876 530 915 nobis
570 875 647 914 fieri
690 875 816 920 debet,
858 885 941 913 eum
983 875 1093 913 libero
1133 876 1280 913 arbitrio
1321 877 1468 914 omnino
1503 886 1634 914 carere.
1689 876 1780 914 Fere
1815 886 1941 914 omnes
1968 876 2124 915 vGrraecis
2150 875 2323 925 exemplis

149 936 382 984 depromptae
407 946 487 973 esse
515 937 681 972 videntur
707 939 743 972 et
769 936 844 971 fere
870 947 1007 978 omnes,
1035 937 1065 972 si
1093 937 1270 981 quomodo
1297 937 1492 983 explicatae
1518 938 1593 973 sint
1619 940 1768 983 spectas,
1798 937 1857 972 vix
1883 948 1926 973 ea.
1944 937 2145 983 adaequare
2161 940 2322 984 possunt,

150 1007 372 1045 quamquam
409 996 449 1034 in
485 995 669 1034 nonnullis
707 1007 853 1044 quoqne
888 996 1048 1034 suavitas
1074 1000 1109 1033 et
1135 995 1283 1033 dulcedo
1310 996 1413 1034 inest.
1468 996 1657 1044 Quodnum
1685 1007 1766 1034 vere
1793 996 1964 1041 dixerim,
2000 987 2146 1035 eviden's
2172 995 2252 1042 fiet,
2292 995 2324 1034 si

150 1057 441 1105 comparationes
482 1057 658 1104 quasdam
688 1055 837 1103 Vergilii
865 1059 900 1092 et
927 1056 1073 1091 Homeri
1102 1056 1195 1092 inter
1221 1067 1260 1092 se
1286 1056 1554 1093 contulerimus.
1608 1056 1658 1092 Ut
1684 1060 1803 1092 autem
1832 1056 1993 1103 Odyssea
2018 1057 2202 1104 pauciores
2228 1066 2324 1092 com-

150 1117 356 1165 parationes
398 1118 638 1160 eontinentur,
680 1128 790 1163 quam
831 1116 952 1160 Iliade,
994 1117 1045 1153 sic
1085 1117 1192 1153 etiam
1235 1116 1272 1153 in
1299 1116 1477 1163 prioribus
1504 1128 1565 1153 sex
1592 1115 1691 1153 libris
1720 1115 1899 1153 Aeneidos
1925 1116 2121 1164 pauciores,
2149 1127 2258 1164 quam
2284 1115 2324 1154 in

149 1176 408 1226 posterioribus
434 1176 571 1214 insunt.

301 1248 346 1290 A.
374 1246 430 1282 Ex
448 1246 792 1292 comparationibus,
812 1256 904 1291 quae
923 1245 968 1279 ad
984 1245 1094 1280 vitam
1114 1256 1242 1290 resque
1260 1250 1380 1291 gestas
1399 1246 1637 1281 animantium
1655 1246 1845 1292 pertinent,
1868 1245 1934 1281 has
1949 1245 2053 1281 modo
2067 1244 2276 1281 afferamus:

304 1307 337 1344 1.
366 1305 541 1343 Homines
568 1306 827 1353 comparantur
852 1303 946 1341 deis:

392 1367 483 1402 Aen.
513 1365 540 1408 Ι,
568 1364 782 1402 498—504.
810 1364 873 1400 cfr.
902 1363 968 1400 Od.
997 1364 1057 1407 VI,
1089 1365 1271 1401 102—10.

392 1425 485 1463 Aen.
517 1423 614 1469 VIII,
643 1424 830 1462 407—14.
859 1423 922 1461 cfr.
951 1423 992 1462 Il.
1020 1423 1101 1469 XII,
1128 1423 1316 1463 433—35.

302 1488 337 1524 2.
367 1485 677 1534 Comparationes,
705 1496 797 1532 quae
824 1485 869 1521 ad
898 1485 1108 1521 animalium
1137 1487 1244 1523 vitam
1273 1489 1475 1534 pertinent:

150 1548 180 1585 A
197 1558 286 1596 pes
313 1549 400 1585 sunt
425 1545 605 1595 imagines
632 1546 735 1594 quasi
762 1545 961 1583 industriae
987 1548 1023 1582 et
1049 1545 1267 1594 diligentiae.
1321 1547 1411 1583 Aen.
1432 1545 1492 1590 VI,
1524 1545 1737 1589 706—7093
1766 1544 1793 1589 I,
1821 1543 2009 1582 430—36.
2035 1544 2078 1582 Il.
2096 1544 2142 1590 Π,
2162 1545 2325 1584 87-92.

150 1607 663 1654 ὃθιρθιιῐίνοοιιιρειιπῒιιι·
690 1605 805 1641 hostis
832 1606 951 1641 subito
978 1609 1014 1640 et
1038 1605 1131 1641 elam
1160 1606 1463 1652 appropinquans.
1517 1607 1607 1641 Aen.
1636 1605 1680 1647 ΙΙ,
1709 1604 1894 1641 379-82.
1923 1604 1964 1640 Il.
1994 1604 2153 1641 33—35.

147 1666 460 1706 Volantium
501 1665 673 1703 avium
713 1666 841 1713 gentes
883 1663 1020 1702 similes
1060 1668 1145 1702 sunt
1180 1664 1299 1702 variae
1335 1664 1573 1703 multitudinis
1601 1663 1637 1701 in
1666 1662 1798 1701 bellum
1826 1662 2126 1712 proficiscentium
2153 1662 2320 1701 militum.

392 1727 481 1763 Aen.
512 1725 591 1770 VII,
634 1725 705 1762 698
745 1735 827 1772 sqq.
869 1724 910 1762 Il.
951 1725 997 1769 II,
1037 1725 1233 1769 459—63;
1274 1727 1363 1761 Aen.
1404 1725 1465 1768 XI,
1508 1725 1579 1760 720
1617 1735 1694 1771 sqq.
1724 1724 1765 1760 Il.
1795 1723 1909 1767 XXII,
1940 1724 2122 1760 139—42.
2151 1723 2216 1761 Od.
2243 1725 2322 1769 XV,

392 1786 586 1830 525-34;
615 1787 706 1822 Aen.
734 1785 796 1829 IX,
824 1786 899 1822 563
927 1796 1007 1831 sqq.
1034 1784 1076 1821 Il.
1105 1784 1219 1828 XXII,
1248 1785 1321 1822 308
1350 1796 1428 1832 sqq.
1456 1784 1497 1821 Il.
1524 1784 1602 1828 XV,
1631 1784 1815 1822 690—92.

147 1847 324 1897 Lupus
351 1849 406 1884 est
432 1846 554 1895 imago
582 1845 788 1894 cupiditatis
816 1855 949 1894 pravae
976 1847 1012 1881 et
1038 1844 1216 1893 ignaviae.
1244 1845 1334 1881 Aen.
1362 1843 1423 1887 XI,
1453 1844 1637 1881 809—14.
1667 1837 1707 1880 Il.
1737 1843 1814 1887 XV,
1842 1843 2028 1880 586-80.

148 1910 247 1947 Leo
274 1912 329 1946 est
354 1909 477 1956 imago
505 1906 726 1945 crudelitatis
759 1913 852 1943 Aen.
881 1906 944 1950 IX,
974 1905 1057 1943 339.
1095 1906 1137 1943 ΙΙ.
1165 1905 1245 1950 XII,
1275 1905 1491 1944 299—305:
1528 1908 1619 1942 Aen.
1648 1905 1690 1948 X,
1720 1905 1906 1942 454-56.
1935 1904 1976 1943 Il.
2003 1904 2099 1949 XVI,
2126 1904 2321 1949 487—91;

390 1969 482 2006 Aen.
510 1967 590 2013 XII,
618 1968 730 2005 4—9.
757 1967 798 2005 Il.
826 1967 905 2012 XX,
937 1967 1122 2004 164—73.

148 2031 284 2078 Aper
309 2031 461 2077 apparet
487 2029 578 2065 Aen.
610 2028 654 2072 X,
684 2028 870 2065 707—18.
898 2028 940 2065 Il.
967 2027 1030 2071 XI,
1059 2027 1271 2064 414—418.

298 2100 341 2137 B.
394 2099 692 2147 comparationes
720 2110 762 2136 ex
789 2098 998 2136 inanimatis
1025 2098 1072 2135 ad
1098 2098 1310 2135 animantia.

147 2170 381 2209 Arbores
421 2172 469 2207 et
508 2168 743 2218 plantae.
783 2169 875 2205 Aen.
904 2167 945 2212 V,
986 2167 1173 2204 447—49.
1215 2166 1254 2202 Il.
1297 2166 1392 2210 XVI,
1433 2165 1616 2210 482-85,
1658 2177 1767 2213 quam
1809 2165 2113 2213 comparationem
2140 2166 2320 2214 Vergilius

390 2231 590 2268 adornavit.
618 2229 682 2267 cfr.
711 2230 820 2267 etiam
849 2230 939 2266 Aen.
966 2228 1028 2272 IX,
1057 2228 1150 2272 674;
1178 2227 1220 2264 Il.
1248 2227 1328 2272 XII,
1359 2228 1427 2265 131
1457 2239 1536 2275 sqq.

147 2291 273 2329 Flos
312 2290 404 2328 falce
441 2301 569 2328 caesus
609 2292 645 2326 et
684 2299 918 2337 papaver
957 2287 1087 2335 pluviis
1126 2288 1339 2324 inclinatum
1380 2292 1463 2324 sunt
1502 2287 1680 2335 imagines
1726 2286 1886 2323 cadentis
1930 2291 1966 2322 et
2009 2286 2194 2323 morientis
2233 2286 2319 2324 viri:

388 2351 480 2387 Aen.
509 2349 573 2395 IX,
600 2348 676 2386 435
703 2360 784 2396 sqq.
810 2348 851 2385 ΙΙ.
880 2348 978 2392 VIII,
1006 2347 1167 2385 306—8.

147 2412 265 2451 Saxo
283 2411 427 2449 cuidam
445 2410 585 2460 ingenti
605 2410 710 2447 fortis
729 2408 832 2446 miles
850 2411 1096 2457 comparatur:
1116 2409 1207 2445 Aen.
1227 2406 1305 2451 VH,
1325 2406 1399 2444 586
1418 2418 1496 2455 sqq.
1516 2408 1606 2444 Aen.
1627 2405 1670 2450 X,
1692 2405 1886 2451 693—96;
1906 2404 1948 2443 ΙΙ.
1966 2405 2044 2451 XV,
2066 2405 2252 2444 618—21.

151 2472 368 2521 Saepissime
395 2483 431 2507 m
446 2482 467 2507 a
480 2483 499 2507 r
512 2482 532 2507 e
547 2499 555 2515 ,
584 2483 606 2507 v
620 2481 640 2507 e
653 2481 677 2506 ιι
695 2470 733 2506 ti
749 2499 757 2514 ,
786 2470 797 2505 i
812 2481 837 2505 n
852 2481 876 2517 g
890 2481 914 2505 n
930 2470 941 2504 i
956 2481 973 2505 s
988 2498 996 2512 ,
1024 2473 1039 2504 t
1052 2480 1071 2504 e
1086 2480 1120 2504 m
1136 2480 1159 2515 p
1174 2479 1193 2504 e
1207 2480 1224 2503 s
1240 2471 1254 2503 t
1267 2479 1288 2503 a
1302 2479 1319 2503 s
1335 2496 1342 2510 ,
1370 2468 1578 2514 praesertim
1607 2467 1644 2502 in
1672 2466 1816 2513 proeliis
1844 2466 2082 2513 depingendis
2101 2467 2146 2502 ab
2169 2469 2321 2514 utroque

390 2535 494 2580 poeta
512 2531 558 2568 ad
575 2530 867 2579 comparationes
886 2529 1123 2567 adhibentur:
1144 2528 1241 2565 velut
1258 2528 1348 2566 Aen.
1368 2527 1446 2571 VII,
1467 2527 1540 2564 526
1559 2538 1637 2575 sqq.
1658 2526 1697 2563 Il.
1718 2526 1779 2571 IV,
1800 2524 2019 2571 422—4263
2042 2525 2133 2563 Aen.
2154 2525 2216 2572 IX,
2236 2525 2322 2566 666.

389 2592 431 2628 Il.
460 2591 540 2636 XII,
572 2591 744 2629 156—61
773 2594 839 2627 etc.

302 2653 439 2700 Quibus
480 2652 519 2689 in
558 2651 891 2700 comparationibus
926 2650 1095 2687 omnibus
1129 2660 1203 2686 non
1230 2648 1347 2686 solum
1375 2648 1517 2685 tertium
1544 2647 1830 2695 comparationis,
1872 2646 1934 2684 sed
1960 2645 2069 2683 etiam
2095 2645 2169 2683 fere
2195 2656 2321 2684 omnes

145 2725 204 2752 res
243 2713 441 2750 Homerum
486 2715 629 2749 secutus
679 2711 786 2747 finxit
811 2710 1010 2758 Vergilius,
1046 2710 1113 2746 etsi
1152 2709 1337 2745 nonnullis
1372 2708 1458 2744 locis
1485 2708 1687 2755 argumenti
1715 2708 1770 2744 sui
1796 2707 1934 2743 ratione
1960 2705 2102 2748 habita,
2144 2706 2320 2752 quaedam

146 2773 391 2813 eommutavit.
445 2772 605 2810 Dubium
649 2783 725 2810 non
760 2774 833 2816 est,
871 2771 959 2819 quin
994 2770 1182 2818 ingenium
1210 2769 1285 2817 ejus
1311 2768 1488 2817 poeticum
1516 2767 1700 2805 nonnullis
1726 2765 2055 2815 comparationibus
2080 2764 2320 2814 pulchriorem

145 2833 351 2885 praebuerit
384 2832 541 2883 speciem
578 2832 652 2870 sive
694 2831 913 2881 elegantiam
949 2830 1090 2868 dicendi
1117 2841 1249 2879 genere
1276 2830 1349 2867 sive
1376 2839 1495 2866 rerum
1522 2828 1656 2877 aptiore
1687 2832 1722 2865 et
1748 2827 1851 2876 quasi
1878 2826 2034 2864 rotunda
2058 2826 2323 2864 constructione

275 2914 300 2952 ²)
321 2913 452 2950 Herder,
474 2912 558 2943 Krit.
582 2911 719 2942 waldet.
743 2911 769 2948 1,
793 2912 834 2942 98
855 2920 922 2950 sqq.
