2535 3077
21 163 37 170 '‘
83 193 107 236 '.'
164 142 291 220 *mo
313 165 430 219 sumo,
458 182 599 212 vocem
608 172 709 212 illm
732 174 861 230 μίροψ.
917 173 1051 211 Lexica
1077 173 1109 213 si
1134 174 1343 218 evolvimus.
1368 174 1573 214 invenimus
1594 172 1795 220 „hemines
1800 168 2010 219 atticum·
2036 197 2074 214 ψ

108 2259 110 2262 ·
150 2278 154 2283 .
194 2242 300 2288 tibus,
322 2241 402 2291 jam
428 2252 503 2280 non
529 2242 842 2292 intelligebantur,
858 2254 1022 2292 quaeque
1050 2244 1095 2280 ab
1120 2243 1166 2281 iis
1193 2254 1269 2280 non
1294 2246 1460 2292 percepta
1487 2241 1734 2286 audiebantur,
1754 2242 1901 2279 Homeri
1928 2242 2149 2291 temporibus
2175 2242 2214 2279 in
2239 2242 2370 2292 populo

171 262 173 264 -
189 223 389 281 ,hemines
404 231 558 279 infirmi,
576 231 769 273 mortales*
773 233 823 284 ι’)
852 232 938 272 Ex
926 233 984 278 iis,
1001 243 1095 282 quae
1106 232 1194 272 Ilias
1210 233 1240 280 I,
1257 234 1334 273 250
1359 235 1523 292 μερόπων
1543 233 1742 291 ἀνδρείων
1761 233 1959 283 legimus,
1972 248 2013 266 ·
2046 274 2060 291 Χ
2195 269 2224 287 ,Χ
2270 249 2288 269 „s

162 298 169 331 ξ
191 285 500 342 monem
526 294 646 333 inesse
671 297 895 343 spectantem
935 294 982 331 ad
1008 294 1117 331 breve
1141 295 1237 332 vitae
1263 298 1404 343 tempus
1429 295 1627 334 homnibus
1659 304 1881 339 concessum,
1906 303 1990 332 enm
2014 283 2199 333 Reatinis*
2220 294 2227 301 ‘
2276 340 2278 342 q

188 355 231 393 et
253 351 333 403 ‘ejus
358 355 465 392 ancta
490 353 600 393 annis
625 353 847 404 experientia
886 357 922 391 et
948 364 1036 392 usus
1062 364 1184 392 rerum
1209 354 1480 403 praedicentur;
1519 358 1555 393 et
1593 365 1637 393 ex
1670 353 1712 392 Il.
1739 353 1801 398 IV,
1830 352 1904 392 340
1929 351 2051 403 colligi
2075 350 2246 392 um

188 414 306 472 μᾶροψ
342 414 532 453 hominem
557 415 678 453 brevis
704 415 812 460 vitae,
840 425 916 452 non
944 414 1132 451 articulate
1157 414 1364 462 loquentem
1390 415 1608 464 significare,
1637 415 1666 453 si
1694 415 1733 452 in
1760 425 1802 452 eo
1828 412 1921 452 loco
1931 413 2001 452 hoc
2025 412 2226 453 sententiae
2249 412 2379 453 inme
2404 436 2422 466 t·

186 477 380 527 putamus:
419 475 584 514 omnium
609 486 742 521 rerum,
770 485 863 524 quae
887 472 1098 512 hominibus
1124 473 1395 513 delectationem
1423 479 1565 524 parant,
1606 485 1699 524 quae
1726 474 1871 523 quidem
1909 484 2046 524 paucae
2070 476 2166 521 sunt,
2204 473 2370 525 volnpfis

189 536 368 574 matoria
392 536 474 574 sine
499 537 609 573 dubio
635 536 774 584 optima
798 545 878 571 esse
903 534 1053 577 videtur,
1082 535 1317 581 quamobrem
1344 546 1450 572 nemo
1477 547 1557 572 eam
1583 535 1752 572 dimittat.
1784 534 2004 579 11.11‚285
2030 534 2303 584 lexicographos
2325 537 2370 574 nt

191 594 308 653 μέροψ
335 594 375 634 ὶιι
401 595 491 633 illud
521 595 730 641 „articulate
755 594 929 642 loquens“
973 596 1259 631 transverterent
1293 595 1529 632 commovisse
1562 595 1678 639 credo,
1720 605 1802 631 cum
1836 593 1936 632 nullo
1970 594 2041 632 alio
2066 594 2144 632 loco
2170 595 2285 651 μέροψ
2300 601 2302 604 ’
2315 593 2368 632 ita
2464 638 2504 648 „„

193 656 387 695 transverti
414 659 546 703 posset,
573 656 645 694 nisi
672 655 863 692 verborum
890 653 924 690 vi
952 657 988 690 et
1013 654 1194 691 sententia
1220 653 1451 692 vehementer
1477 654 1619 693 violata.
1676 653 1858 703 Odysseus
1884 654 1982 692 enim
2008 654 2095 692 dicit
2118 655 2158 693 in
2183 653 2370 693 contione:
2393 683 2399 688 .
2440 661 2453 692 ξ
2471 652 2503 675 Ἳ

763 733 948 791 Ἀτρεΐδη,
981 734 1045 773 ιῦν
1077 733 1119 778 δή
1148 752 1202 781 σε,
1234 735 1340 782 ἅναξ.
1373 734 1569 776 ἐθέλουσιν
1599 735 1750 787 Ἀχαιοί

754 802 863 843 σιαῗσιν
893 800 1111 856 ἐλέγχιστον
1138 802 1291 855 θέμεναι
1316 803 1507 856 μερόπεσσι
1535 809 1714 859 βροτοῖσιν

193 876 332 923 Atrida,
359 888 458 916 nunc
485 881 531 923 te,
558 889 631 924 rex,
659 877 785 917 volunt
809 876 938 916 Achivi
967 878 1134 916 omnibus
1161 879 1477 927 probrosissimum
1513 880 1659 918 reddere
1687 879 1874 920 articulate
1899 878 2130 928 loquentibus
2157 876 2369 915 mortalibus

191 938 216 976 i.
244 931 275 975 e.
303 938 343 975 in
369 949 432 975 ore
458 939 621 976 omnium
662 939 882 976 mortalium.
937 939 1005 976 Sed
1046 939 1175 976 horum
1216 941 1407 977 verborum
1446 942 1661 978 sententiam
1695 941 1896 978 accuratius
1936 940 2160 988 perspexisse
2184 938 2367 980 Jordanus

194 996 286 1036 mihi
313 997 472 1044 videtum
501 997 587 1036 dicit
613 998 728 1037 enim:
777 998 867 1044 „Die
893 998 989 1037 feine
1015 998 1197 1048 Meinung
1223 999 1285 1037 des
1313 999 1492 1049 Odysseus
1528 1001 1575 1039 ist
1613 1000 1794 1038 offenbar:
1839 999 1896 1037 die
1932 998 2109 1037 Schuld
2153 999 2216 1036 der
2240 996 2370 1037 Nicht-

194 1058 399 1106 eroberung
415 1058 534 1095 Ilions
552 1059 696 1095 werden
715 1060 754 1094 in
768 1058 962 1094 Wahrheit
979 1059 1036 1094 die
1050 1059 1213 1095 Achaeer
1231 1063 1380 1106 tragen3
1408 1061 1464 1096 die
1484 1060 1570 1096 Sch
1584 1061 1671 1096 and
1686 1071 1705 1095 e
1727 1061 1812 1096 aber
1822 1060 1886 1096 bei
1905 1059 2000 1096 allen
2018 1059 2052 1095 X
2071 1088 2080 1097 .
2101 1088 2110 1096 .
2130 1089 2139 1096 .
2166 1058 2368 1096 Menschen

193 1117 285 1156 vird
310 1117 380 1156 den
408 1118 666 1168 Agamemnon
693 1117 834 1157 treffen.
887 1118 937 1155 Es
964 1119 1087 1155 wiirde
1115 1118 1189 1156 also
1217 1119 1378 1167 poetisch
1418 1120 1491 1157 und
1518 1118 1703 1157 stilistisch
1744 1130 1840 1168 ganz
1885 1118 2103 1157 vortrefflich
2128 1118 2217 1165 sein,
2263 1128 2371 1157 wenn

193 1177 310 1233 μέροψ
337 1178 519 1224 diejenige
544 1178 785 1224 Eigenschaft
810 1179 874 1214 der
899 1178 1103 1214 Menschen
1129 1179 1348 1221 bezeichnet,
1394 1179 1527 1215 welche
1553 1181 1604 1215 sie
1632 1179 1848 1222 verhindert‚
1884 1180 1923 1215 in
1963 1178 2110 1215 solchen
2136 1178 2263 1215 Fauen
2297 1178 2369 1215 den

191 1236 343 1276 wahren
369 1235 692 1286 Zusammenhang
719 1236 937 1275 einzusehen
974 1237 1049 1275 und
1078 1236 1212 1275 welche
1239 1238 1291 1276 sie
1317 1237 1486 1283 verleitet,
1528 1237 1596 1275 den
1637 1236 1902 1287 unschuldigen
1930 1235 2151 1275 Heerflihrer
2177 1247 2370 1288 zuhverur-

136 1301 140 1306 '
194 1294 341 1343 theilen,
368 1300 506 1336 anstatt
543 1298 608 1335 das
635 1298 845 1335 meuternde
870 1298 975 1341 Heer,
1012 1298 1078 1334 das
1117 1298 1175 1334 die
1204 1299 1433 1346 Vollendung
1474 1299 1591 1335 seines
1618 1298 1913 1336 Unternehmens
1954 1297 2164 1346 unmoglich
2202 1296 2372 1345 gemacht

192 1357 292 1397 hats‘
323 1378 370 1384 -
398 1357 548 1396 Praeter
573 1367 718 1395 versum
746 1358 819 1395 311
846 1356 975 1406 hymni
1012 1357 1050 1394 in
1077 1357 1242 1394 Cererem
1280 1359 1448 1407 pracipue
1475 1357 1655 1406 Odysseae
1682 1358 1760 1402 XX,
1798 1359 1948 1396 45—-51
1985 1368 2108 1395 vocem
2135 1356 2248 1413 μέροψ
2290 1368 2370 1406 pro-

192 1417 353 1457 videntia
378 1417 649 1467 sapientiaeque
676 1418 819 1456 divinae
853 1418 1071 1455 contrariam
1111 1428 1190 1455 esse
1225 1423 1261 1456 et
1286 1419 1436 1456 humani
1477 1419 1589 1456 animi
1629 1419 1848 1458 debilitatem
1891 1419 2096 1468 significare
2134 1420 2367 1457 demonstrat,

197 1478 243 1517 In
268 1477 334 1516 Od.
361 1477 442 1524 XX,
470 1478 530 1524 45,
557 1490 638 1527 sqq.
666 1478 775 1516 homo
803 1478 964 1515 mortalis
990 1478 1056 1515 deo
1075 1480 1270 1525 oppositus,
1299 1480 1476 1528 praesidio
1494 1490 1635 1528 semper
1648 1480 1809 1527 juvantis
1832 1484 1868 1518 et
1885 1480 2085 1529 praesentis
2103 1480 2190 1517 deae
2208 1478 2373 1517 Athenae

193 1540 452 1594 ,.γλαυιοῖπις“
499 1540 625 1590 (etiam
652 1540 692 1577 in
719 1539 876 1577 tenebris
903 1539 1027 1575 omnia
1053 1540 1317 1588 perspicientis)
1345 1540 1469 1577 solatio
1497 1539 1666 1577 afficitur:

823 1610 939 1666 Εἴπερ
968 1610 1190 1654 πεντήκοντα
1217 1610 1522 1667 λόχοιμερόπων
1553 1610 1750 1667 α’νθρόνπων

829 1678 900 1719 voit·
925 1684 1137 1735 περισταῖεν,
1166 1684 1297 1718 κτεῖναι
1328 1678 1511 1732 μεμαῶτες
1538 1678 1663 1732 Ἄρηι,

817 1749 875 1785 καὶ
904 1761 963 1785 κεν
995 1746 1070 1786 τῶν
1102 1744 1256 1786 ἐλάσαιο
1288 1748 1379 1796 βόας
1409 1749 1465 1785 καὶ
1496 1750 1572 1801 ἴφια
1603 1747 1717 1798 μῆλα.

346 1821 402 1859 Ex
430 1832 503 1868 quo
530 1820 651 1869 colligi
679 1825 805 1870 potest,
833 1820 919 1860 {oce
945 1825 1059 1879 μέροψ
1091 1823 1190 1860 illam
1220 1823 1330 1859 animi
1358 1822 1508 1860 humani
1536 1822 1825 1867 imbecillitatem,
1853 1821 1996 1858 divinae
2018 1818 2149 1857 mentis
2177 1820 2263 1857 aciei
2290 1831 2372 1858 con-

191 1881 355 1925 trariam,
383 1880 586 1929 significari
603 1881 856 1929 (compositum
885 1883 982 1919 enim
1010 1886 1083 1920 est:
1111 1893 1154 1918 ex
1182 1883 1286 1937 μέρος
1327 1886 1360 1918 et
1389 1885 1493 1922 ΟΠΤ
1521 1893 1600 1918 cum
1637 1881 1817 1918 sententia
1843 1879 2069 1924 transitiva);
2106 1880 2271 1917 homines
2297 1881 2372 1928 ige·-

193 1940 338 1980 niorum
365 1940 551 1979 debilitate
577 1940 743 1990 impediti
770 1945 909 1991 partem
937 1942 1043 1980 modo
1070 1953 1191 1979 rerum
1220 1942 1419 1991 perspicere
1437 1946 1598 1991 possunt,
1614 1951 1808 1990 eorumque
1829 1940 2004 1989 judicium
2031 1939 2141 1989 igitur
2167 1940 2375 1990 saepissime

194 2012 403 2050 perversum
429 2004 493 2038 est.
547 2001 675 2050 Itaque
709 2014 779 2039 vox
806 2005 922 2057 μέροψ
954 2004 1111 2040 maxime
1138 2004 1319 2039 contraria
1358 2008 1413 2039 est
1455 2003 1506 2039 illi
1539 2003 1619 2039 Jovi
1660 1996 1806 2050 proprio
1834 2000 1990 2048 epitheto
2017 2002 2234 2056 „eupdom‘z
2265 2012 2374 2048 quam

194 2072 317 2100 vocem
344 2060 448 2099 multi
479 2060 579 2107 „late
605 2061 790 2111 dicens“³)
823 2063 916 2109 „late
944 2063 1108 2101 auditus“
1148 2061 1239 2099 falso
1285 2063 1576 2111 interpretantur,
1624 2062 1719 2110 quod
1746 2061 1932 2110 epitheton
1976 2072 2059 2098 vero
2086 2060 2137 2099 nil
2163 2061 2233 2099 nisi
2281 2061 2373 2108 „late

194 2122 342 2160 videns··
376 2125 513 2166 „totum
541 2121 720 2160 mundum
746 2124 988 2173 perspiciens“
1024 2124 1146 2168 „cuius
1175 2124 1342 2160 notitiam
1370 2123 1469 2160 nulla
1494 2134 1551 2160 res
1578 2122 1722 2170 effugit“
1754 2123 1849 2160 dicit.

346 2181 519 2230 Epitheta
545 2181 656 2230 hujus
683 2184 837 2231 generis,
866 2195 959 2231 quae
986 2195 1068 2220 cum
1096 2196 1117 2220 a
1144 2183 1291 2220 Graecis
1318 2183 1405 2230 ipsis
1442 2188 1523 2231 post
1550 2183 1744 2220 Homerum
1772 2183 1984 2227 viventibus,
2013 2182 2276 2231 lexicographis
2303 2187 2373 2222 tes-

193 2303 272 2352 ipso
298 2303 489 2352 vigebant3
529 2314 616 2340 nam
644 2308 744 2342 vates
770 2308 806 2341 et
832 2305 928 2353 apud
956 2305 1137 2353 principes
1164 2308 1199 2340 et
1226 2304 1321 2352 apud
1347 2315 1451 2351 reges
1478 2308 1512 2340 et
1539 2304 1577 2340 in
1604 2303 1724 2352 populi
1752 2303 1983 2341 concionibus
2009 2304 2172 2341 carmina
2197 2315 2263 2342 sua
2288 2315 2371 2353 pro-

193 2362 409 2402 nunciantes
436 2363 481 2400 iis
507 2362 582 2401 fere
608 2374 753 2413 semper
778 2365 983 2402 utebantur.
1039 2364 1131 2401 Cum
1159 2364 1257 2401 enim
1299 2375 1342 2400 ex
1370 2367 1529 2412 tempore
1555 2364 1717 2400 carmina
1743 2367 2010 2412 componerent,
2037 2363 2115 2401 fieri
2142 2375 2218 2402 non
2243 2364 2370 2413 potuit,

193 2423 284 2472 quin
308 2434 385 2461 non
410 2423 528 2461 solum
555 2424 714 2472 epitheta
739 2428 921 2473 perpetua,
959 2425 1022 2462 sed
1049 2426 1156 2462 etiam
1185 2429 1374 2472 perpetuos
1410 2425 1688 2472 saepissimeque
1726 2424 1894 2472 repetitos
1921 2435 2044 2462 versus
2084 2424 2298 2462 adhiberent
2323 2425 2369 2462 ad

194 2482 359 2522 carmina
383 2482 591 2532 incipienda
616 2485 909 2533 invocandasque
936 2486 1072 2529 Musas,
1115 2486 1160 2522 ad
1196 2485 1441 2532 quaerendum
1469 2485 1830 2533 respondendumque
1857 2485 1900 2522 ad
1929 2495 2054 2522 omnes
2080 2496 2149 2530 res,
2176 2485 2215 2523 in
2241 2488 2372 2523 natura

364 2603 387 2639 ¹)
409 2603 503 2643 Pape,
529 2603 902 2636 Griechisch—deutsches
925 2604 1144 2643 Worterbuch,
1177 2605 1220 2643 11,
1244 2604 1275 2634 S.
1299 2605 1374 2634 133:
1404 2600 1437 2633 οἱ
1468 2597 1634 2649 μὲροπεςε
1663 2605 1695 2639 1)
1714 2604 1771 2634 Die
1785 2604 1957 2641 Menschen,
1971 2604 2021 2634 die
2036 2604 2198 2635 artieulirt
2210 2605 2369 2646 spreehen,

193 2652 245 2684 «ne
276 2653 438 2684 einzelnen
460 2653 561 2685 Laute
598 2654 664 2686 und
686 2654 804 2695 Sylben
825 2656 958 2686 trennen
992 2655 1057 2685 und
1087 2654 1228 2685 deutlich
1257 2654 1354 2685 heren
1385 2654 1498 2689 lassen,
1534 2663 1601 2684 zum
1625 2654 1850 2685 Untersehiede
1882 2664 1943 2684 von
1977 2654 2038 2684 den
2060 2654 2205 2690 OE’hieren,
2239 2653 2289 2685 die
2310 2664 2369 2686 nur

193 2700 417 2737 nnnrtienlirte
438 2705 542 2738 Lauta
560 2706 820 2748 hervorbringen.

361 2756 390 2793 ²)
412 2757 520 2794 Snlsse,
545 2758 915 2790 Griechisch-deutsehes
940 2759 1159 2789 worterbuch.

365 2806 394 2845 ⁸)
416 2807 481 2841 etr.
498 2809 594 2850 Pape,
611 2808 981 2841 Griechisch-deutsches
992 2808 1212 2847 worumbach,
1229 2808 1256 2846 1,
1272 2807 1303 2839 S.
1318 2807 1389 2847 985,
1405 2798 1577 2852 εὖρύοπαε
1592 2808 1771 2844 „entweder
1782 2808 1837 2839 der
1849 2808 2099 2839 weitschauende
2106 2799 2195 2854 (αἶψ,
2206 2798 2368 2854 εὐρῦωψ)
2401 2853 2407 2856 ‚
2515 2819 2519 2856 ,ᾗ

193 2868 271 2901 oder
292 2879 354 2902 von
377 2861 430 2916 ὄψ
454 2871 510 2904 der
532 2872 758 2909 weittonende,
781 2871 1039 2904 weitdonnernde
1061 2871 1269 2912 (wenngleich
1286 2862 1335 2915 ὄψ
1358 2872 1449 2901 sonst
1464 2880 1522 2901 nur
1540 2879 1600 2900 von
1620 2870 1674 2901 der
1690 2870 1889 2901 articulirten
1903 2869 2035 2900 Stimme
2053 2868 2228 2910 gebrancht
2243 2867 2370 2930 wirdr‘.
