2535 3077
1231 97 1278 136 18

162 214 259 260 aliis3
288 214 460 260 οιοπόλος
485 214 562 253 sive
586 214 769 269 ποιμήνιος
799 215 996 269 σταθμός).
1051 215 1124 260 „Ut
1148 217 1240 259 fons.
1269 221 1309 255 ut
1333 227 1482 266 campus
1508 219 1549 255 ut
1581 227 1709 255 nemus
1734 215 1921 267 placuit‘
1927 216 1981 256 ibi
2002 214 2183 260 lib-mr.
2191 203 2194 205 ‚

161 279 351 326 &gerunt
405 276 524 314 Urbes
549 276 661 325 igitur
687 275 867 314 aedificari
912 288 988 315 non
1008 276 1087 325 jam
1113 277 1175 316 diu
1213 280 1360 326 coeptae
1399 287 1517 326 neque
1555 276 1722 316 instituta
1757 287 1884 321 earum
1922 276 2116 331 legesque
2126 276 2228 328 jam
2223 272 2349 321 ὠ·
2504 335 2513 348 1

160 339 378 378 confirmata
402 342 527 381 erant;
554 337 665 374 vitam
691 337 816 374 vivunt
841 348 941 374 more
966 337 1252 385 patriarchorum
1282 337 1526 376 constitutam.
1580 336 1672 375 Boni
1698 347 1803 386 reges
1828 340 2016 387 tanquam
2048 338 2137 377 boni
2161 333 2343 395 pasturjn·

164 398 272 439 saluti
297 397 536 447 fortunaeque
562 407 709 435 suorum
735 395 948 446 populorum
974 396 1168 435 consulunt
1195 397 1377 451 (Αρετωσι
1404 397 1442 440 δὲ
1471 400 1559 439 λαοὶ
1587 395 1644 439 ὐπ’
1674 396 1789 439 αυτοῦ
1813 396 1880 436 Od.
1907 397 2005 443 XIX,
2050 392 2139 448 144)
2164 390 2337 451 legesque

164 470 291 497 omnes
318 461 486 495 exercent
511 457 570 504 (Il
597 457 728 501 XXIV,
755 456 848 504 480)
875 458 974 503 Quae
1000 458 1046 494 ad
1071 458 1205 495 victum
1233 460 1441 507 cultumque
1467 459 1650 507 pertinent
1667 460 1884 507 paucissima
1900 462 1996 504 sunt,
2014 470 2144 508 greges
2162 458 2338 499 exhibent

164 517 222 557 1⁸0
247 520 284 556 et
309 527 467 562 carnem,
494 515 613 564 campi
640 516 798 553 triticum
840 518 876 554 et
920 515 1116 562 hordeum;
1157 517 1273 555 cultus
1312 517 1476 555 effussior
1515 518 1566 555 eis
1610 529 1685 555 non
1727 521 1782 556 est
1822 522 1943 557 notus.
1995 519 2188 575 Propterea
2225 519 2336 556 etiam

166 578 382 617 comercium
409 580 445 614 et
470 576 624 624 pecunia
651 587 726 613 non
753 579 856 620 sunt3
885 576 979 623 quod
1006 577 1135 625 cuique
1161 589 1251 625 opus
1278 581 1342 622 est,
1370 578 1447 626 ipse
1472 578 1637 622 conficit;
1665 581 1701 615 et
1726 580 1756 616 si
1783 579 1870 627 quid
1889 579 2018 623 deficit,
2046 579 2220 627 proximis
2247 578 2336 625 locis

166 638 375 688 adipiscitur
402 635 462 686 (n.
488 635 571 681 XII,
598 635 674 673 433
702 634 799 684 sqq.)

318 728 440 766 Variis
465 728 506 765 in
531 728 639 765 rebus
665 726 831 764 homines
858 728 1017 776 occupati
1046 731 1148 773 sunt;
1190 732 1384 777 pastorum,
1413 733 1633 774 venatorum,
1661 730 1889 778 piscatorum,
1926 729 2165 778 agricolarum
2200 730 2334 766 mentio

162 792 241 840 jam
266 791 363 828 facta
389 792 454 834 est,
482 791 518 826 et
544 799 642 826 nunc
669 788 773 825 modo
800 788 949 825 nomina
988 800 1112 826 eorum
1150 789 1365 828 afferamus:
1405 792 1578 844 ποιμένες,
1597 791 1726 845 νομῆες
1745 790 1870 844 ἄνδρες
1893 816 1943 821 -
1966 794 2115 831 αἴπολοι
2155 788 2221 828 Οᾱ.
2256 788 2335 835 XX,
2372 820 2374 822 .

169 852 261 900 1'73)
287 875 342 880 —
370 848 549 903 βοΰιιολοι
579 874 630 879 —
660 848 859 904 θηρητῆρες
887 871 943 878 -—-
971 847 1204 906 ἐλαφῆβολοι
1231 850 1288 899 (ΙΙ.
1319 850 1450 896 XVIII,
1479 851 1569 901 318)
1605 878 1651 883 —
1684 855 1797 898 ἁλιεῖς
1828 874 1882 881 -—
1910 851 2121 907 λικμητῆρες
2148 850 2206 900 (Π-
2233 849 2332 894 XIII,

169 912 273 960 590).
325 910 504 959 Opificum
532 913 650 947 autem
678 913 763 947 sunt
789 909 969 946 notissimi
1005 910 1189 948 architecti
1230 915 1265 948 et
1292 912 1384 949 fabri
1425 912 1570 951 navales
1597 911 1773 962 (τέκτονες
1811 911 1854 949 11.
1891 911 1951 957 VI,
1992 912 2084 957 315;
2124 910 2202 955 XV,
2239 911 2334 954 411;

165 972 253 1010 XVI
278 971 353 1009 212
379 970 463 1018 etc.)
491 970 583 1007 fabri
610 970 736 1006 aerarii
765 970 926 1018 (χαλκεῖς
953 970 994 1006 Il.
1021 971 1082 1014 IV,
1114 972 1204 1015 187,
1232 971 1297 1008 Od.
1317 972 1379 1016 IX,
1408 973 1509 1019 391),
1538 972 1705 1010 aurifices
1724 971 1804 1021 (Od.
1825 972 1888 1016 VI,
1915 972 2007 1019 232)
2026 972 2130 1020 figuli
2158 971 2335 1024 (κεραμεῖς

168 1033 209 1072 Il.
236 1032 369 1077 XVIII,
399 1030 490 1080 601)
517 1030 657 1068 coriarii
684 1029 742 1078 (Il.
770 1029 875 1067 XVII
902 1029 1001 1076 389),
1029 1052 1079 1059 —
1106 1031 1273 1070 mulieres
1300 1035 1518 1081 occupantur
1544 1033 1585 1070 in
1611 1032 1763 1070 texendo
1790 1036 1825 1070 et
1851 1032 2037 1081 tingendo,

321 1131 507 1179 Quomodo
534 1130 626 1168 servi
653 1133 688 1166 et
713 1130 850 1167 domini
877 1130 971 1167 inter
996 1142 1035 1168 se
1061 1132 1241 1179 conjuncti
1269 1132 1412 1176 fuerint,
1439 1133 1766 1180 comparationibus
1801 1131 1891 1169 nihil
1929 1131 2186 1179 comperimus;
2213 1141 2329 1180 neque

168 1195 213 1231 de
238 1194 312 1230 vita
337 1193 377 1229 in
403 1191 550 1228 familiis
577 1191 664 1239 ipsis
691 1191 778 1228 satis
805 1190 918 1227 multa
949 1191 1054 1228 nobis
1093 1193 1289 1237 nuntiatur,
1332 1193 1368 1229 id
1408 1192 1503 1239 quod
1541 1193 1639 1230 haud
1680 1193 1875 1237 miraberis,
1915 1193 1944 1230 si
1984 1191 2164 1229 domicilia
2202 1192 2326 1229 crebro

167 1255 386 1292 commutata
403 1252 577 1299 *vitaeque
602 1250 779 1288 rationem
806 1254 841 1288 et
867 1251 1129 1289 institutionem
1165 1253 1355 1301 spectabis.
1407 1253 1545 1291 Tamen
1583 1253 1816 1291 inveniuntur
1853 1264 1920 1297 res,
1965 1252 2094 1300 quibus
2137 1251 2324 1289 familiaris

170 1314 244 1351 vita
269 1312 509 1361 pulcherrime
535 1312 757 1348 describitur.
796 1311 921 1360 Imago
948 1313 1125 1359 quaedam
1151 1313 1321 1350 omnibus
1348 1314 1567 1361 temporibus
1586 1314 1771 1351 verissima
1797 1314 1901 1350 nobis
1928 1316 2013 1350 ante
2038 1312 2158 1350 oculos
2187 1312 2333 1360 ponitur

168 1386 210 1412 eo
237 1373 324 1421 loco,
352 1384 423 1420 quo
450 1371 607 1410 Achilles
644 1371 789 1409 flentem
817 1372 1018 1410 Patroclum
1053 1384 1184 1421 parvae
1218 1372 1356 1422 puellae
1395 1377 1581 1422 comparat
1623 1376 1773 1411 matrem
1808 1372 1973 1422 sequenti
2014 1371 2207 1421 multisque
2248 1383 2331 1410 cum

166 1433 324 1471 lacrimis
352 1433 397 1468 ad
424 1436 560 1468 vestem
594 1432 670 1478 ejus
697 1432 978 1476 adhaerescenti,
1006 1444 1088 1468 cum
1114 1437 1212 1480 petat
1237 1435 1283 1469 ab
1310 1445 1362 1477 ea,
1390 1438 1430 1470 ut
1455 1445 1493 1470 se
1520 1435 1558 1470 in
1584 1435 1752 1470 manibus
1779 1437 1915 1481 gestet;
1954 1433 2009 1470 vel
2048 1444 2089 1469 eo
2130 1434 2217 1477 loco,
2260 1445 2330 1480 quo

170 1497 286 1532 mater
312 1492 511 1531 ostenditur
538 1504 560 1529 a
585 1491 659 1529 filio
685 1503 847 1529 muscam
874 1503 1010 1537 arcens,
1038 1493 1182 1540 quando
1209 1493 1303 1530 dulci
1331 1494 1467 1542 sopitus
1494 1497 1548 1532 est
1573 1505 1699 1532 somno
1727 1493 1786 1543 (ΙΙ.
1805 1493 1856 1531 IV
1859 1524 1866 1539 ,
1898 1492 1997 1543 130).
2040 1493 2210 1532 Parentes
2236 1492 2329 1531 filios

169 1557 329 1592 mortuos
356 1553 492 1600 lugent,
521 1552 785 1600 amplectuntur
828 1563 870 1589 ex
899 1552 989 1589 bello
1033 1553 1240 1597 redeuntes;
1269 1554 1369 1591 liberi
1398 1554 1503 1591 anxio
1531 1558 1616 1591 sunt
1661 1558 1696 1591 et
1722 1554 1871 1592 sollicito
1915 1554 2047 1598 animo,
2092 1555 2122 1591 si
2167 1557 2333 1602 parentes

171 1615 310 1664 aegroti
336 1618 432 1652 sunt.

322 1707 367 1744 In
393 1705 720 1755 comparationibus
748 1705 793 1742 ad
819 1708 984 1743 naturam
1021 1706 1263 1754 spectantibus
1292 1705 1389 1742 haud
1415 1705 1487 1743 scio
1516 1716 1563 1742 an
1590 1716 1700 1753 supra
1727 1705 1918 1743 dicendum
1956 1705 2072 1750 fuerit,
2114 1716 2333 1754 quamquam

170 1769 305 1807 multae
330 1766 617 1815 comparationes
644 1772 759 1802 certas
787 1766 951 1813 regiones
979 1767 1178 1803 accuratius
1204 1767 1398 1814 depingere
1425 1766 1622 1809 videantur,
1660 1770 1782 1803 tamen
1809 1765 1944 1803 nullam
1970 1766 2075 1803 nobis
2102 1766 2146 1802 de
2172 1766 2335 1813 patria

171 1828 320 1868 Homeri
360 1827 559 1875 quidquam
601 1825 720 1862 affere.
774 1825 869 1862 Nam
910 1826 997 1870 etsi,
1038 1831 1078 1863 ut
1115 1826 1182 1863 hoc
1226 1825 1389 1873 exemplo
1430 1828 1530 1869 utar,
1576 1825 1611 1861 id
1652 1826 1746 1872 quod
1773 1825 1967 1862 Grotefend
1981 1824 2011 1873 ¹)
2051 1824 2334 1873 praeclarissime

172 1889 320 1933 invenit,
348 1887 634 1936 comparationes
671 1885 818 1923 secundi
844 1884 968 1923 Iliadis
1009 1885 1088 1923 libri
1116 1885 1256 1923 Ioniam
1295 1891 1330 1922 et
1370 1885 1579 1933 praesertim
1619 1896 1717 1922 oram
1745 1885 1881 1933 Lydiae
1919 1884 2119 1923 describere
2159 1884 2334 1929 videntur,

170 1953 292 1987 tamen
317 1947 517 1997 permultae
544 1947 652 1983 etiam
680 1946 964 1993 comparationes
993 1946 1071 1983 aliis
1098 1947 1136 1983 in
1163 1946 1264 1983 libris
1296 1947 1431 1989 insunt,
1468 1957 1559 1993 quae
1586 1945 1724 1983 efficere
1750 1947 1904 1983 debeant
1929 1951 1969 1983 ut
1996 1950 2138 1994 poetam
2164 1946 2264 1983 illum
2292 1947 2330 1983 in

173 2009 319 2057 Europa
345 2011 471 2045 natum
498 2017 577 2044 esse
603 2008 781 2054 putemus.

327 2099 492 2137 Vidimus
519 2099 629 2147 igitur
656 2098 695 2135 in
721 2097 889 2135 omnibus
915 2096 1244 2146 comparationibus
1270 2096 1396 2134 silvam
1423 2108 1543 2134 rerum
1569 2100 1604 2134 et
1630 2097 1890 2134 sententiarum
1908 2097 2099 2146 diligenter
2117 2101 2152 2135 et
2170 2103 2332 2136 accurate

172 2173 195 2199 a
220 2164 327 2210 poeta
352 2160 638 2208 praeclarissimo
673 2158 857 2195 collectam
885 2159 1020 2201 inesse;
1057 2170 1132 2195 non
1159 2158 1274 2195 solum
1315 2170 1449 2206 magna
1476 2161 1511 2195 et
1536 2158 1729 2205 praeclara,
1764 2158 1827 2196 sed
1854 2158 1962 2195 etiam
1988 2170 2099 2207 parva
2133 2162 2168 2196 et
2194 2159 2333 2207 exigua,

170 2233 246 2261 non
272 2220 389 2260 solum
414 2232 497 2258 rara
523 2222 559 2258 et
585 2218 707 2268 singul
731 2218 796 2263 ria,
824 2218 932 2256 etiam
960 2218 1105 2267 vulgata
1132 2218 1347 2255 invenimus.
1400 2218 1506 2255 Recte
1544 2218 1654 2266 igitur
1693 2218 1845 2256 Nitzsch
1877 2218 1951 2260 ,has
1991 2219 2081 2257 duas
2120 2219 2331 2268 praesertim

172 2294 230 2320 res
256 2283 297 2319 in
322 2282 479 2318 Homero
505 2280 690 2328 praedicat
700 2227 827 2323 :Rem
854 2279 1060 2327 lebendiges
1097 2279 1171 2316 und
1198 2279 1299 2316 tiefes
1327 2279 1583 2317 Verstandniss
1609 2279 1672 2317 der
1698 2279 2006 2318 Menschennatur
2033 2281 2108 2319 und
2134 2281 2195 2319 ein
2221 2280 2334 2319 Welt-

173 2341 402 2387 bewustsein,
442 2339 596 2379 welches
622 2339 741 2378 Natur
781 2339 855 2377 und
881 2338 1186 2377 Menschenleben
1226 2339 1433 2376 umfassend
1474 2339 1538 2377 mit
1576 2340 1695 2378 seiner
1721 2340 1915 2378 Phantasie
1954 2340 2251 2389 allgegenwartig
2286 2341 2337 2378 ist

172 2404 248 2440 und
273 2403 357 2439 dem
383 2413 423 2438 so
450 2402 507 2437 die
532 2401 655 2438 Bilder
682 2412 746 2437 aus
773 2401 868 2437 allen
895 2401 1069 2447 Spharen‚
1098 2402 1154 2437 die
1181 2402 1245 2437 der
1271 2400 1461 2447 befliigelte
1488 2401 1660 2438 Gedanke
1686 2412 1756 2437 nur
1781 2401 1957 2438 bewalten
1983 2401 2095 2445 kann,
2124 2413 2167 2438 zu
2194 2401 2329 2439 Gebote

170 2460 373 2510 sichen.“²)
400 2460 485 2498 Jam
512 2463 630 2498 autem
659 2459 843 2497 videamus
870 2459 1170 2507 quemadmodum
1198 2459 1337 2508 copiam
1364 2459 1462 2496 illam
1489 2460 1704 2497 uberrimam
1732 2470 1853 2497 rerum
1888 2460 2075 2504 effinxerit,
2114 2471 2196 2497 cum
2234 2470 2332 2497 nunc

173 2525 219 2560 ad
245 2523 309 2558 illa
333 2533 476 2559 summa
502 2523 709 2558 veniamus:

343 2632 369 2669 ¹)
392 2630 566 2662 Grotcfend
586 2631 618 2661 in
641 2630 769 2670 Encycl.
791 2629 890 2660 Ertch
913 2629 977 2660 und
998 2628 1128 2668 Gruber,
1151 2629 1239 2660 Tom.
1262 2629 1304 2669 11,
1330 2630 1377 2665 10,
1401 2640 1429 2669 p.
1452 2630 1533 2660 228:
2331 2648 2333 2651 -

340 2684 434 2721 „Alle
456 2682 540 2715 diese
562 2682 760 2714 Gleichnisse
782 2681 853 2713 sind
874 2691 909 2712 so
931 2681 1014 2712 local
1035 2680 1220 2722 aufgefasst,
1244 2680 1315 2712 dass
1339 2680 1451 2713 daraus
1472 2681 1537 2713 fast
1560 2681 1618 2713 mit
1634 2681 1810 2713 Sicherheit
1832 2681 1887 2713 anf
1908 2680 1957 2712 die
1979 2680 2110 2722 Gegend
2131 2681 2332 2722 gesehlossen

172 2736 297 2769 werden
318 2736 411 2770 kann,
434 2736 467 2765 in
489 2735 622 2765 welcher
644 2744 678 2765 cr
700 2735 800 2773 sang“
822 2744 851 2773 p.
875 2734 953 2764 229:
975 2733 1183 2772 „Vereinigen
1207 2734 1262 2764 wir
1272 2733 1370 2772 Alles,
1393 2743 1456 2764 was
1477 2734 1510 2764 in
1532 2733 1592 2765 den
1614 2734 1796 2765 erwahnten
1814 2733 2031 2765 Gleichnissen
2052 2736 2224 2774 ausgesagt
2245 2734 2333 2770 wird,

171 2798 208 2820 zu
230 2786 342 2819 Einem
362 2785 463 2823 Buce,
486 2795 521 2817 so
540 2784 623 2816 kann
646 2794 718 2817 man
741 2784 832 2816 (ιω-ιιι
854 2783 905 2815 die
926 2783 1134 2825 Schilderung
1156 2783 1286 2815 Joniens
1307 2793 1348 2815 an
1371 2784 1506 2825 Lydiens
1528 2784 1629 2815 Kiiste
1649 2785 1738 2816 nicht
1759 2785 1966 2815 verkennen.“

338 2838 367 2876 ¹)
388 2837 453 2871 cfr.
478 2837 586 2872 Ulrici,
610 2837 799 2868 Gesohichte
821 2836 876 2868 der
897 2837 1110 2868 hellenischen
1124 2837 1320 2867 Dichtkunst
1342 2837 1366 2873 Ι,
1390 2847 1419 2877 p.
1447 2837 1597 2875 179J222:

339 2889 423 2927 „uit
444 2888 623 2920 kindlicher
646 2888 877 2927 Wissbegierde
898 2889 1023 2919 lauscht
1041 2889 1074 2918 ιιι
1096 2888 1308 2919 homerischer
1329 2889 1418 2919 Muse
1439 2889 1523 2919 allen
1545 2889 1651 2920 Toncn
1674 2888 1738 2919 und
1760 2888 1916 2928 ningen,
1947 2888 1996 2919 die
2024 2889 2074 2919 ihr
2096 2887 2176 2929 Sage
2199 2888 2255 2919 der
2275 2888 2336 2920 Ge-

169 2943 314 2976 schichte
330 2941 499 2978 zuffihrem
521 2941 582 2972 mit
602 2941 676 2972 weit
697 2940 871 2980 geoffneter
893 2940 981 2971 Seele
1003 2940 1116 2971 nimmt
1137 2940 1182 2971 sie
1213 2939 1271 2971 den
1294 2949 1413 2980 ganzen
1436 2940 1544 2972 Strom
1574 2940 1628 2971 des
1650 2942 1778 2971 iiussem
1801 2939 1921 2971 Lebens
1953 2939 2009 2971 der
2043 2939 2088 2971 sie
2119 2935 2336 2981 umgebcndcn
