2535 3077
491 12 503 24 v,
652 3 798 24 ,fa-ms.
839 8 842 11 ‹
904 6 991 29 '.f7‘„²‘
1023 5 1045 17 ,¹
1155 7 1158 20 ῑ

413 41 424 60 ³?
439 45 460 69 t>
475 31 545 79 ,ι-ἰῖς
635 36 677 66 ⁷2.ss
727 45 733 50 '
799 37 811 47 ²
978 36 981 39 ’

416 55 503 92 '²0²1‘
524 63 543 89 ,ι
563 63 570 70 .
604 71 619 77 ⁴,
660 91 661 94 Ἴ
780 86 782 88 γ
825 76 828 80 ’
1011 72 1015 75 ,
1062 66 1074 71 .ι
1097 77 1100 80 ,
1146 70 1149 73 Α
1238 61 1297 100 2¹

420 96 441 108 ‘⁷1¹
461 94 504 110 -v‘
616 94 619 96 “

390 112 417 124 *›
451 115 469 133 ..ᾖ
518 125 526 131 ,
560 125 562 127 ,
805 125 808 127 .

450 136 453 138 >
481 135 488 142 ,

133 172 303 229 {affib-
313 175 393 230 Βᾳι
416 148 619 228 exemptam
645 179 808 220 afferam
857 180 902 219 Ιιι
921 180 1050 220 mauis
1075 181 1167 220 libro
1190 182 1240 224 Π,
1265 183 1466 220 455—483
1491 183 1669 221 Homerus
1705 194 1770 221 ω
1794 172 2125 232 comparationibus
2148 184 2272 228 utitur,
2299 187 2341 221 ut

153 233 347 289 proffia,
350 242 451 297 quae
466 240 545 289 jam
570 239 771 290 incipiunt,
785 240 980 279 memoriae
1006 245 1150 281 nostrae
1175 232 1412 292 intingantur.
1465 242 1519 280 Ac
1543 242 1699 291 primum
1737 242 1926 281 universus
1967 242 2142 281 exercitus
2167 245 2340 292 quattuor

5 324 36 350 ί,
68 298 75 308 ⁷
98 295 107 301 ⁹
143 298 160 324 Γ
179 298 290 341 teliu·
313 295 553 357 eomparatur.
603 299 711 338 Velut
735 300 831 349 ignis
858 301 950 338 edax
975 301 1152 339 comburit
1177 302 1391 340 immensam
1430 302 1556 340 silvam
1590 302 1785 350 proculque
1810 305 1959 350 apparet
1984 301 2153 349 splendor
2182 300 2337 350 (ἔωθεν

0 360 13 382 ’“’
26 364 51 411 '5
81 361 84 364 '
113 404 116 406 ,
156 354 158 358 ’
180 358 222 401 δὲ
238 362 404 418 pulvera:
426 358 548 414 aopi),
573 360 625 398 sic
645 360 813 398 exercitui
834 360 954 409 fulgor
973 361 1132 409 undique
1150 362 1314 400 colucens
1332 374 1395 410 per
1413 374 1518 400 auras
1535 361 1674 399 caelum
1692 361 1862 400 ascendit.
1881 360 1982 400 Sicut
1997 362 2119 400 avium
2137 361 2336 402 volatilium

181 426 309 472 gentes
332 422 468 459 multae
493 421 563 458 huc
589 425 625 457 et
649 420 732 457 illuc
758 420 910 458 volitant
927 420 1147 459 exsultantes
1167 420 1242 465 alis,
1270 422 1321 459 sic
1340 421 1558 459 Graecorum
1580 424 1706 469 gentes
1734 421 1867 458 multae
1892 433 1915 458 a
1931 422 2084 460 navibus
2110 425 2146 459 et
2170 423 2336 461 tentoriis

179 482 220 520 in
245 481 431 532 planitiem
458 477 723 530 profunduntur
749 479 1021 517 Scamandriam
1049 479 1191 525 infiniti,
1219 484 1307 528 quot
1332 480 1417 518 folia
1442 480 1619 529 floresque
1644 484 1844 519 nascuntur
1861 484 2019 529 tempore
2038 492 2159 520 verno.
2212 482 2332 521 Veluti

182 552 387 580 muscarum
412 542 655 589 frequentium
681 544 807 589 gentes
834 539 977 585 multae,
1005 545 1057 578 tot
1081 543 1207 578 contra
1233 541 1406 589 Trojanos
1431 545 1616 579 comantes
1633 540 1761 578 Achivi
1787 541 1933 579 stabant
1957 541 1996 579 in
2013 553 2150 591 campo,
2183 542 2332 591 perdere

183 612 243 638 eos
269 601 498 638 vehementer
524 601 718 648 cupientes.
757 600 1007 648 Imperatores
1034 606 1153 638 autem
1179 613 1263 638 suos
1288 602 1328 638 in
1354 602 1496 638 ordines
1523 601 1703 648 redigunt,
1744 605 1783 638 ut
1808 612 1937 649 greges
1964 613 2116 650 magnas
2142 615 2332 651 caprarum

181 660 333 710 caprarii
359 660 463 699 facile
489 660 727 709 distinguunt,
754 664 944 708 postquam
971 660 1009 697 in
1035 660 1176 709 pascuis
1203 660 1385 698 commixti
1413 664 1508 698 sunt.
1553 661 1807 709 Agamemnon
1833 664 1952 698 autem
1982 661 2075 699 inter
2100 662 2335 711 imperatores

181 721 309 760 similis
335 726 390 760 est
415 720 525 759 oculis
551 723 587 758 et
612 720 727 769 capite
751 720 842 765 Jovi,
870 721 980 759 Marti
1006 721 1133 765 balteo,
1161 725 1302 771 pectore
1328 722 1509 771 Neptuno.
1563 722 1671 759 Velut
1696 723 1760 760 bos
1787 723 1826 759 in
1852 726 2014 760 armento
2040 723 2148 773 longe
2181 725 2334 762 eximius

179 782 299 823 existit
324 777 418 820 inter
443 791 578 825 omnes,
605 784 738 825 taurus,
767 781 873 818 talem
901 781 1063 818 Atridem
1089 781 1172 818 fecit
1197 781 1337 829 Jupiter
1363 782 1420 818 die
1447 782 1517 826 illo,
1545 783 1727 830 insignem
1753 783 1847 819 inter
1874 782 2004 820 multos
2029 787 2065 820 et
2089 785 2271 822 eximium.

331 841 503 879 Docuisse
536 841 646 890 igitur
674 841 761 878 mihi
789 841 919 885 videor,
946 841 1141 878 Homerum
1177 841 1249 878 lata
1276 842 1430 889 quadam
1469 853 1590 879 rerum
1616 842 1835 880 naturalium
1874 843 2110 890 descriptione
2135 855 2202 889 res,
2243 856 2337 893 quae

179 904 225 941 ab
251 914 292 941 eo
332 906 545 940 enarrantur
583 901 868 950 praeclarissime
903 912 1095 939 exornasse
1134 902 1530 950 comparationibusque
1570 906 1652 950 apte
1694 903 1837 940 insertis
1881 914 2000 940 rerum
2045 904 2147 951 quasi
2189 915 2335 942 cursum

177 957 399 1002 celerrimum
440 963 572 1010 optime
608 962 852 1009 interrupisse.
909 962 1014 998 Haud
1040 962 1112 999 scio
1139 973 1186 998 an
1214 962 1281 998 dici
1308 963 1430 1010 possit,
1460 963 1656 1013 Homerum
1696 974 1737 999 eo
1765 964 1882 1010 magis
1918 964 2244 1011 comparationibus
2271 965 2338 1012 uti,

181 1035 252 1072 quo
278 1024 459 1072 graviores
485 1034 542 1060 res
569 1026 791 1064 enarrentur,
820 1026 855 1059 et
883 1032 924 1059 eo
951 1022 1067 1070 magis
1095 1022 1314 1060 necessarias
1350 1033 1428 1060 esse
1463 1031 1613 1060 naturae
1639 1022 1895 1071 descriptiones
1935 1023 2075 1060 animos
2101 1034 2233 1068 eorum,
2275 1024 2337 1072 qui

178 1078 304 1133 legunt
329 1083 431 1131 quasi
457 1083 666 1122 reficientes.
696 1093 765 1130 quo
792 1082 913 1131 plures
940 1093 997 1119 res
1024 1086 1059 1119 et
1084 1093 1227 1130 pugnae
1253 1082 1506 1131 depingantur.
1550 1082 1845 1130 Ingeniosissime
1884 1081 1953 1119 hoc
1995 1082 2099 1119 modo
2137 1084 2337 1120 orationem

179 1145 317 1182 variare
343 1147 385 1182 et.
403 1143 623 1190 distinguere
648 1142 767 1179 studet
785 1142 976 1186 Homerus,
1006 1153 1205 1189 numquam
1224 1153 1275 1186 eo,
1304 1143 1399 1190 quod
1418 1143 1640 1190 propositum
1659 1146 1723 1187 est,
1751 1142 1903 1187 aberrat,
1930 1154 2128 1190 numquam
2145 1144 2183 1180 in
2204 1144 2336 1182 animis

180 1204 382 1242 reficiendis
407 1214 464 1241 res
491 1203 586 1251 ipsas
612 1202 806 1250 producere
843 1201 1014 1250 neglegit.
1055 1202 1156 1249 Quod
1183 1203 1327 1250 quidem
1368 1213 1407 1239 co
1435 1202 1566 1246 minus,
1605 1213 1687 1238 cum
1727 1203 2054 1250 comparationibus
2092 1203 2187 1241 facta
2230 1204 2335 1241 modo

179 1264 440 1302 contineantur.
495 1263 532 1300 Si
577 1275 647 1311 quo
691 1264 768 1301 loco
813 1267 932 1300 autem
959 1264 1119 1300 carmina
1144 1263 1469 1310 comparationibus
1496 1263 1604 1300 nimis
1631 1263 1826 1307 abundare,
1872 1270 1934 1300 aut
1976 1274 2039 1300 eae
2082 1264 2258 1302 absurdae
2302 1268 2339 1301 et

175 1326 318 1375 ineptae
343 1335 421 1362 esse
447 1324 621 1369 videntur,
650 1324 718 1361 hoc
757 1328 851 1362 certe
887 1327 1139 1373 argumentum
1166 1324 1271 1361 nobis
1298 1328 1362 1368 est,
1404 1323 1521 1361 locum
1561 1324 1636 1361 sive
1668 1323 1799 1360 librum
1840 1323 1940 1360 illum
1979 1335 2052 1361 non
2093 1324 2137 1361 ab
2177 1324 2334 1362 Homero

181 1386 358 1435 originem
385 1386 572 1433 accepisse,
599 1385 662 1423 sed
688 1385 733 1422 ab
760 1385 840 1429 illis,
869 1385 930 1433 qui
957 1385 1122 1433 operibus
1150 1385 1244 1422 illius
1271 1385 1489 1422 adornandis
1516 1385 1590 1422 sive
1615 1384 1760 1421 edendis
1794 1383 2032 1432 praefuerunt,
2075 1389 2114 1422 ut
2156 1385 2333 1423 decimum

177 1446 207 1484 11
245 1446 386 1490 librum,
414 1456 521 1493 quem
546 1445 707 1493 spurium
735 1455 813 1483 esse
840 1445 935 1482 inter
961 1455 1084 1482 omnes
1111 1445 1232 1483 doctos
1260 1446 1352 1482 viros
1378 1444 1570 1493 constat.¹)

329 1505 419 1543 Cum
446 1505 729 1553 comparationes
756 1505 888 1548 Iliadis,
917 1516 1008 1552 quae
1035 1516 1109 1542 non
1136 1517 1216 1542 raro
1244 1506 1288 1542 ad
1315 1517 1443 1552 parvas
1478 1509 1628 1542 naturae
1654 1505 1908 1553 descriptiones
1952 1505 2186 1553 adaugentur,
2228 1511 2335 1544 natu·

177 1568 307 1606 ralium
332 1578 451 1604 rerum
478 1565 729 1615 explicationes
755 1569 998 1614 compensent,
1029 1576 1121 1614 quae
1153 1564 1255 1602 Iliadi
1295 1564 1369 1603 fere
1407 1565 1545 1610 desunt,
1586 1564 1776 1613 pleraeque
1814 1566 2099 1613 comparationes
2140 1566 2333 1615 Odysseae,

181 1639 273 1677 quae
299 1628 442 1675 quidem
468 1627 649 1663 fortunam
674 1627 710 1663 in
739 1637 826 1674 pace
851 1631 886 1663 et
913 1627 984 1663 vita
1010 1627 1177 1663 familiari
1204 1627 1356 1674 positam
1383 1627 1574 1674 praedicat,
1601 1637 1644 1662 ex
1664 1626 1818 1674 negotiis
1836 1627 2055 1674 tranquillae
2075 1628 2165 1665 vitae
2183 1630 2337 1676 agrestis

177 1690 396 1737 repetuntur,
424 1686 611 1735 magisque
637 1697 680 1722 ex
707 1686 843 1734 piscatu
863 1686 1005 1734 vitaque
1031 1686 1222 1730 maritima,
1250 1696 1359 1733 quam
1373 1696 1416 1722 ex
1434 1685 1587 1733 negotiis
1606 1687 1817 1722 venatorum
1836 1688 1870 1722 et
1887 1689 2071 1733 pastorum
2089 1693 2335 1727 assumuntur.

179 1748 280 1795 Quod
306 1748 336 1784 si
362 1746 587 1788 intellexeris,
615 1746 723 1782 etiam
751 1750 919 1783 naturam
946 1747 1123 1783 diversam
1149 1746 1455 1792 comparationum
1483 1746 1520 1781 in
1547 1745 1686 1782 duobus
1712 1745 1783 1782 illis
1809 1746 2029 1783 carminibus
2056 1747 2211 1786 heroicis
2239 1756 2335 1788 recte

182 1807 436 1857 dijudicaveris.
477 1805 770 1854 Comparationes
796 1805 919 1843 Iliadis
946 1805 1057 1843 multo
1083 1805 1269 1842 hilariores
1287 1807 1372 1842 sunt
1392 1804 1578 1852 magisque
1597 1804 1642 1841 ad
1660 1815 1788 1842 sensus
1806 1805 1909 1852 quasi
1928 1806 2125 1853 pertinent;
2154 1807 2335 1856 Odysseae

177 1868 460 1917 comparationes
503 1870 588 1904 sunt
630 1866 789 1903 mitiores
831 1867 1020 1914 ipsumque
1066 1866 1225 1902 animum
1274 1865 1388 1912 magis
1437 1876 1659 1902 commovere
1698 1865 1874 1903 videntur.
1941 1866 2010 1903 Sed
2049 1867 2151 1904 Iliadi
2191 1859 2334 1918 quoque

178 1928 461 1977 comparationes
501 1925 668 1963 nonullae
706 1926 832 1964 insunt
871 1926 1048 1963 molliores
1088 1926 1316 1972 mitioresque
1359 1924 1439 1972 (cfr.
1483 1925 1526 1962 Il.
1554 1924 1651 1967 VIII,
1678 1924 1786 1973 55ss
1813 1937 1930 1974 neque
1956 1926 2137 1974 Odysseae
2179 1933 2332 1967 naturae

180 1989 434 2037 descriptiones
461 1987 542 2036 (Od.
573 1987 614 2030 V,
642 1986 732 2035 338)
760 1987 906 2024 omnino
934 1987 1073 2024 desunt.

329 2038 429 2085 Quod
456 2040 537 2086 post
562 2016 718 2085 epitheta
732 2037 922 2074 Homerica
948 2040 1107 2085 spectata
1133 2036 1280 2073 fecimus
1307 2036 1415 2073 etiam
1433 2046 1530 2073 nunc
1547 2036 1738 2073 faciemus:
1767 2037 1864 2073 brevi
1879 2037 2031 2085 Vergilii
2049 2039 2338 2085 comparationes

176 2098 468 2146 contemplemur.
508 2097 612 2141 Eum,
640 2097 700 2144 qui
728 2101 861 2134 attente
888 2097 1022 2145 legerit,
1051 2108 1127 2133 non
1153 2096 1294 2143 fugerit,
1323 2101 1434 2132 totam
1452 2096 1661 2140 Aeneidem,
1684 2097 1885 2133 Homericis
1912 2098 2015 2144 quasi
2042 2098 2113 2136 filis
2131 2102 2337 2138 contextam

179 2170 268 2204 esse,
308 2149 396 2206 quin
423 2157 529 2194 etiam
573 2156 720 2204 ingenio
759 2157 894 2204 poetico
922 2156 1071 2205 Vergilii
1111 2155 1208 2193 nullo
1247 2156 1350 2192 modo
1390 2159 1592 2203 contempto
1632 2155 1846 2193 confirmare
1884 2168 2094 2204 possumus,
2139 2160 2336 2198 Aeneidem

176 2219 344 2257 omnibus
368 2217 443 2255 fere
470 2217 628 2265 partibus
654 2217 890 2254 summarium
916 2221 1057 2254 tantum
1084 2217 1186 2265 quasi
1212 2228 1361 2265 parvum
1396 2227 1474 2254 esse
1499 2215 1622 2253 Iliadis
1649 2220 1684 2253 et
1710 2215 1900 2264 Odysseae,
1940 2228 2009 2265 quo
2045 2222 2143 2256 veste
2170 2219 2339 2258 Romana

179 2281 348 2319 amictum
376 2283 411 2317 et
436 2279 491 2317 cui
519 2278 660 2316 animus
674 2278 858 2316 Romanus
885 2278 1080 2326 inspiratus
1098 2278 1164 2322 sit.
1209 2278 1304 2314 Nam
1331 2281 1425 2314 totae
1443 2280 1561 2325 partes
1580 2277 1829 2314 narrationum
1855 2289 2047 2326 rerumque
2062 2278 2337 2318 Homericarum
2357 2282 2360 2285 ’

178 2346 240 2380 aut
265 2342 343 2380 sine
368 2342 441 2378 ulla
466 2340 744 2377 commutatione
769 2340 808 2376 in
834 2340 1030 2376 Aeneidem
1057 2339 1251 2376 translatae
1278 2335 1345 2375 aut'
1365 2338 1410 2375 ad
1437 2339 1527 2375 alius
1554 2349 1687 2375 nomen
1713 2338 1861 2376 collatae
1889 2344 1983 2383 sunt,
2020 2351 2173 2387 quarum
2201 2341 2337 2379 multas

178 2403 383 2440 Macrobius
418 2401 560 2449 collegit
571 2400 603 2449 ²)
629 2411 862 2448 quarumque
909 2400 1016 2437 etiam
1064 2400 1182 2448 plures
1217 2400 1418 2437 enumerari
1454 2403 1615 2447 possunt.
1668 2399 1775 2446 (Aen.
1812 2399 1875 2443 ΠΙ,
1911 2400 1997 2438 623.
2033 2400 2099 2437 Od.
2135 2401 2197 2444 IX,
2236 2402 2339 2450 288.)

343 2481 369 2518 ¹)
392 2480 573 2519 Grotefend,
596 2490 625 2520 p.
648 2480 719 2510 248.

341 2531 366 2571 ²)
388 2532 575 2568 Macrobius,
598 2531 723 2563 Saturn.
744 2532 865 2562 conviv.
889 2530 944 2562 lib.
967 2531 1005 2567 V,
1028 2531 1057 2561 2.
1100 2531 1237 2562 Attulit:
1260 2530 1392 2562 Didonis
1415 2532 1590 2562 convivium
1615 2531 1690 2562 coll.
1713 2531 1837 2562 Alcinoi
1859 2531 1974 2570 epulis;
2009 2532 2179 2563 inferorum
2213 2533 2335 2564 consul-

174 2584 330 2615 tationem
360 2583 437 2614 Aen.
461 2583 515 2613 VI.
549 2582 608 2613 Od.
629 2582 684 2612 XI.
726 2582 867 2614 Consilia
901 2581 1057 2612 Anchisae
1089 2582 1165 2612 Aen.
1189 2581 1242 2611 VI.
1275 2582 1347 2612 coll.
1369 2582 1523 2612 Teiresiae
1546 2582 1680 2612 monitis
1702 2580 1759 2612 Od.
1783 2582 1837 2612 XI.
1860 2582 2047 2612 auxiliorum
2070 2585 2336 2614 enumerationem

178 2636 255 2668 Aen.
276 2636 315 2676 X,
339 2635 510 2667 163-214.
543 2634 580 2665 11.
603 2633 841 2673 11,484—755.
875 2643 1032 2665 armorum
1065 2632 1304 2664 fabricationem
1336 2632 1413 2664 Aen.
1436 2633 1524 2672 VIII,
1559 2632 1732 2665 370—453.
1766 2633 1804 2664 11.
1827 2632 1946 2670 XVIII,
1977 2633 2151 2666 369—616.
2184 2633 2337 2666 ludicrum

177 2689 335 2719 certamen
366 2687 443 2718 Aen.
466 2687 503 2723 V,
528 2685 699 2718 103-484.
732 2685 771 2716 Il.
804 2685 926 2722 XXIII,
963 2685 1137 2716 257—897.
1170 2685 1415 2725 speculationem
1437 2688 1622 2717 nocturnam
1657 2687 1735 2717 Aen.
1757 2685 1812 2725 IX,
1837 2685 2011 2718 176—365.
2034 2686 2071 2718 11.
2094 2686 2132 2726 X,
2153 2687 2337 2723 299---579;

175 2739 279 2771 foetus
312 2739 396 2770 inter
431 2748 520 2778 reges
552 2739 650 2769 ictum
682 2740 714 2769 et
746 2738 853 2777 paullo
879 2739 952 2777 post
976 2739 1102 2776 ruptum
1125 2737 1201 2768 Aen.
1225 2737 1296 2773 XII,
1322 2737 1451 2768 1—310.
1475 2737 1512 2768 Il.
1535 2737 1594 2774 III,
1619 2738 1753 2769 1—382.
1774 2738 1828 2777 IV,
1852 2738 1987 2769 1—220.
2011 2757 2048 2761 —
2076 2739 2338 2771 lamentationem

176 2799 268 2831 super
290 2789 437 2821 Pallante
465 2790 542 2821 Aen.
565 2789 603 2829 X,
625 2789 695 2821 530.
728 2789 766 2820 Il.
788 2789 907 2828 XVIII,
933 2789 1063 2819 1-148.
1089 2806 1123 2811 —
1146 2788 1384 2819 altercationem
1405 2789 1538 2819 Drancis
1566 2791 1599 2819 et
1620 2789 1718 2819 Turni
1746 2789 1823 2819 Aen.
1845 2788 1884 2825 X,
1909 2789 1968 2819 122
1992 2799 2060 2829 sqq.
2094 2789 2132 2821 11.
2155 2790 2180 2826 Ι,
2205 2789 2339 2822 1-306.

176 2851 314 2882 pugnam
346 2842 536 2881 singularem
567 2841 690 2872 Aeneae
723 2843 755 2872 et
777 2841 885 2872 Turni.
907 2843 985 2872 Aen.
1007 2840 1079 2880 XII,
1104 2840 1233 2870 1—310.
1257 2840 1294 2870 11.
1317 2840 1376 2876 III,
1399 2841 1468 2871 382.
1492 2841 1627 2871 Achillis
1648 2841 1887 2871 insultationem
1910 2841 1942 2871 in
1966 2840 2142 2881 Lycaonem
2163 2843 2340 2880 peremtum

176 2894 209 2925 in
231 2893 415 2933 Tarquitum
435 2892 633 2924 translatam.
655 2893 734 2923 Aen.
755 2891 793 2928 X,
817 2891 888 2923 557.
912 2894 971 2923 etc.
994 2891 1032 2923 Il.
1056 2891 1140 2931 XXI,
1166 2891 1234 2923 122.
1259 2894 1319 2923 etc.
