<?xml version="1.0" encoding="UTF-8"?>
<!DOCTYPE html PUBLIC "-//W3C//DTD XHTML 1.0 Transitional//EN"
    "http://www.w3.org/TR/xhtml1/DTD/xhtml1-transitional.dtd">
<html xmlns="http://www.w3.org/1999/xhtml" xml:lang="en" lang="en">
 <head>
  <title>
</title>
<meta http-equiv="Content-Type" content="text/html;charset=utf-8" />
  <meta name='ocr-system' content='tesseract 3.04.00' />
  <meta name='ocr-capabilities' content='ocr_page ocr_carea ocr_par ocr_line ocrx_word'/>
</head>
<body>
  <div class='ocr_page' id='page_1' title='image "./4774681_0025.png"; bbox 0 0 2535 3077; ppageno 0'>
   <div class='ocr_carea' id='block_1_1' title="bbox 0 0 546 252">
    <p class='ocr_par' dir='ltr' id='par_1_1' title="bbox 0 0 546 252">
     <span class='ocr_line' id='line_1_1' title="bbox 0 0 546 252; baseline 0 0"><span class='ocrx_word' id='word_1_1' title='bbox 0 0 546 252; x_wconf 95' lang='lat' dir='ltr'><strong>   </strong></span> 
     </span>
    </p>
   </div>
   <div class='ocr_carea' id='block_1_2' title="bbox 1181 26 1281 84">
    <p class='ocr_par' dir='ltr' id='par_1_2' title="bbox 1181 26 1281 84">
     <span class='ocr_line' id='line_1_2' title="bbox 1181 26 1281 84; baseline 0 0"><span class='ocrx_word' id='word_1_2' title='bbox 1181 26 1281 84; x_wconf 71' lang='lat'><strong>⁴15</strong></span> 
     </span>
    </p>
   </div>
   <div class='ocr_carea' id='block_1_3' title="bbox 1138 98 1377 105">
    <p class='ocr_par' dir='ltr' id='par_1_3' title="bbox 1138 98 1377 105">
     <span class='ocr_line' id='line_1_3' title="bbox 1138 98 1377 105; baseline 0 2972"><span class='ocrx_word' id='word_1_3' title='bbox 1138 98 1377 105; x_wconf 95' lang='lat' dir='ltr'><strong> </strong></span> 
     </span>
    </p>
   </div>
   <div class='ocr_carea' id='block_1_4' title="bbox 238 159 2332 216">
    <p class='ocr_par' dir='ltr' id='par_1_4' title="bbox 238 159 2332 216">
     <span class='ocr_line' id='line_1_4' title="bbox 238 159 2332 216; baseline 0.011 -35"><span class='ocrx_word' id='word_1_4' title='bbox 238 159 310 181; x_wconf 52' lang='lat' dir='ltr'><strong>w·-</strong></span> <span class='ocrx_word' id='word_1_5' title='bbox 302 164 421 213; x_wconf 54' lang='lat' dir='ltr'>Q</span> <span class='ocrx_word' id='word_1_6' title='bbox 438 164 508 204; x_wconf 56' lang='lat' dir='ltr'><strong>hm</strong></span> <span class='ocrx_word' id='word_1_7' title='bbox 533 177 648 204; x_wconf 63' lang='lat' dir='ltr'><strong>unum</strong></span> <span class='ocrx_word' id='word_1_8' title='bbox 671 165 876 215; x_wconf 86' lang='lat' dir='ltr'><strong>exemplum</strong></span> <span class='ocrx_word' id='word_1_9' title='bbox 900 166 1092 206; x_wconf 81' lang='lat' dir='ltr'><strong>contestari</strong></span> <span class='ocrx_word' id='word_1_10' title='bbox 1126 170 1251 215; x_wconf 86' lang='lat' dir='ltr'><strong>potest,</strong></span> <span class='ocrx_word' id='word_1_11' title='bbox 1293 178 1402 216; x_wconf 86' lang='lat' dir='ltr'><strong>quam</strong></span> <span class='ocrx_word' id='word_1_12' title='bbox 1441 170 1604 204; x_wconf 86' lang='lat' dir='ltr'><strong>accurate</strong></span> <span class='ocrx_word' id='word_1_13' title='bbox 1641 170 1677 205; x_wconf 87' lang='lat' dir='ltr'><strong>et</strong></span> <span class='ocrx_word' id='word_1_14' title='bbox 1715 167 1905 216; x_wconf 74' lang='lat' dir='ltr'><strong>diligenter</strong></span> <span class='ocrx_word' id='word_1_15' title='bbox 1944 167 1998 205; x_wconf 90' lang='lat' dir='ltr'><strong>vel</strong></span> <span class='ocrx_word' id='word_1_16' title='bbox 2026 167 2185 205; x_wconf 82' lang='lat' dir='ltr'><strong>minimis</strong></span> <span class='ocrx_word' id='word_1_17' title='bbox 2224 167 2332 214; x_wconf 80' lang='lat' dir='ltr'><strong>rebus</strong></span> 
     </span>
    </p>
   </div>
   <div class='ocr_carea' id='block_1_5' title="bbox 242 200 299 222">
    <p class='ocr_par' dir='ltr' id='par_1_5' title="bbox 242 200 299 222">
     <span class='ocr_line' id='line_1_5' title="bbox 242 200 299 222; baseline 0 -17"><span class='ocrx_word' id='word_1_18' title='bbox 242 200 299 222; x_wconf 59' lang='lat' dir='ltr'><strong>‘&#39;sz-</strong></span> 
     </span>
    </p>
   </div>
   <div class='ocr_carea' id='block_1_6' title="bbox 86 217 2332 277">
    <p class='ocr_par' dir='ltr' id='par_1_6' title="bbox 81 217 2332 277">
     <span class='ocr_line' id='line_1_6' title="bbox 86 217 2332 277; baseline -0 -11.002"><span class='ocrx_word' id='word_1_19' title='bbox 86 257 115 270; x_wconf 77' lang='grc'>,</span> <span class='ocrx_word' id='word_1_20' title='bbox 147 217 428 277; x_wconf 43' lang='lat' dir='ltr'><strong>muffulas</strong></span> <span class='ocrx_word' id='word_1_21' title='bbox 448 229 617 267; x_wconf 74' lang='lat' dir='ltr'><strong>naturam</strong></span> <span class='ocrx_word' id='word_1_22' title='bbox 642 225 821 264; x_wconf 81' lang='lat' dir='ltr'><strong>Homerus</strong></span> <span class='ocrx_word' id='word_1_23' title='bbox 844 225 1108 275; x_wconf 73' lang='lat' dir='ltr'><strong>contemplatus</strong></span> <span class='ocrx_word' id='word_1_24' title='bbox 1133 227 1191 264; x_wconf 83' lang='lat' dir='ltr'><strong>sit.</strong></span> <span class='ocrx_word' id='word_1_25' title='bbox 1243 226 1358 264; x_wconf 84' lang='lat' dir='ltr'><strong>Nobis</strong></span> <span class='ocrx_word' id='word_1_26' title='bbox 1397 230 1518 264; x_wconf 80' lang='lat' dir='ltr'><strong>autem</strong></span> <span class='ocrx_word' id='word_1_27' title='bbox 1560 227 1669 264; x_wconf 85' lang='lat' dir='ltr'><strong>etiam</strong></span> <span class='ocrx_word' id='word_1_28' title='bbox 1712 227 1863 264; x_wconf 84' lang='lat' dir='ltr'><strong>aliarum</strong></span> <span class='ocrx_word' id='word_1_29' title='bbox 1888 226 2211 275; x_wconf 81' lang='lat' dir='ltr'><strong>pulcherrimarum</strong></span> <span class='ocrx_word' id='word_1_30' title='bbox 2253 226 2332 276; x_wconf 78' lang='lat' dir='ltr'><strong>ejus</strong></span> 
     </span>
    </p>
   </div>
   <div class='ocr_carea' id='block_1_7' title="bbox 0 252 156 304">
    <p class='ocr_par' dir='ltr' id='par_1_7' title="bbox 0 252 156 304">
     <span class='ocr_line' id='line_1_7' title="bbox 0 252 156 304; baseline 0 2773"><span class='ocrx_word' id='word_1_31' title='bbox 0 252 156 304; x_wconf 95' lang='lat' dir='ltr'><strong> </strong></span> 
     </span>
    </p>
   </div>
   <div class='ocr_carea' id='block_1_8' title="bbox 166 264 2331 346">
    <p class='ocr_par' dir='ltr' id='par_1_8' title="bbox 131 264 2331 346">
     <span class='ocr_line' id='line_1_8' title="bbox 166 264 2331 346; baseline 0 -21"><span class='ocrx_word' id='word_1_32' title='bbox 166 264 380 346; x_wconf 59' lang='lat' dir='ltr'><strong>&#39;imaginum</strong></span> <span class='ocrx_word' id='word_1_33' title='bbox 406 285 446 324; x_wconf 90' lang='lat' dir='ltr'><strong>in</strong></span> <span class='ocrx_word' id='word_1_34' title='bbox 471 287 629 324; x_wconf 75' lang='lat' dir='ltr'><strong>mentem</strong></span> <span class='ocrx_word' id='word_1_35' title='bbox 655 286 763 324; x_wconf 89' lang='lat' dir='ltr'><strong>venit.</strong></span> <span class='ocrx_word' id='word_1_36' title='bbox 808 286 947 324; x_wconf 83' lang='lat' dir='ltr'><strong>Scimus</strong></span> <span class='ocrx_word' id='word_1_37' title='bbox 962 286 1157 324; x_wconf 86' lang='lat' dir='ltr'><strong>Homerum</strong></span> <span class='ocrx_word' id='word_1_38' title='bbox 1184 287 1317 325; x_wconf 85' lang='lat' dir='ltr'><strong>imbres</strong></span> <span class='ocrx_word' id='word_1_39' title='bbox 1336 286 1473 325; x_wconf 90' lang='lat' dir='ltr'><strong>nivales</strong></span> <span class='ocrx_word' id='word_1_40' title='bbox 1498 287 1765 336; x_wconf 73' lang='lat' dir='ltr'><strong>grandinesque</strong></span> <span class='ocrx_word' id='word_1_41' title='bbox 1781 298 1825 325; x_wconf 86' lang='lat' dir='ltr'><strong>ex</strong></span> <span class='ocrx_word' id='word_1_42' title='bbox 1850 286 1994 324; x_wconf 86' lang='lat' dir='ltr'><strong>aethere</strong></span> <span class='ocrx_word' id='word_1_43' title='bbox 2020 286 2092 324; x_wconf 84' lang='lat' dir='ltr'><strong>alto</strong></span> <span class='ocrx_word' id='word_1_44' title='bbox 2117 287 2331 326; x_wconf 74' lang='lat' dir='ltr'><strong>demmissas</strong></span> 
     </span>
    </p>
   </div>
   <div class='ocr_carea' id='block_1_9' title="bbox 178 333 2329 397">
    <p class='ocr_par' dir='ltr' id='par_1_9' title="bbox 178 333 2329 397">
     <span class='ocr_line' id='line_1_9' title="bbox 178 333 2329 397; baseline 0 -12"><span class='ocrx_word' id='word_1_45' title='bbox 178 333 533 395; x_wconf 57' lang='lat' dir='ltr'><strong>animadverterem.</strong></span> <span class='ocrx_word' id='word_1_46' title='bbox 545 346 611 391; x_wconf 87' lang='grc' dir='ltr'>ΙΙΙ,</span> <span class='ocrx_word' id='word_1_47' title='bbox 626 347 709 385; x_wconf 79' lang='lat'><strong>222</strong></span> <span class='ocrx_word' id='word_1_48' title='bbox 726 346 805 391; x_wconf 92' lang='lat' dir='ltr'>XII,</span> <span class='ocrx_word' id='word_1_49' title='bbox 835 347 917 385; x_wconf 79' lang='lat'><strong>278.</strong></span> <span class='ocrx_word' id='word_1_50' title='bbox 935 347 1012 392; x_wconf 88' lang='lat' dir='ltr'><strong>XV,</strong></span> <span class='ocrx_word' id='word_1_51' title='bbox 1043 348 1126 384; x_wconf 81' lang='lat'><strong>170.</strong></span> <span class='ocrx_word' id='word_1_52' title='bbox 1145 347 1232 385; x_wconf 90' lang='lat' dir='ltr'><strong>XIX</strong></span> <span class='ocrx_word' id='word_1_53' title='bbox 1250 349 1341 396; x_wconf 88' lang='lat'>357)</span> <span class='ocrx_word' id='word_1_54' title='bbox 1359 348 1521 385; x_wconf 78' lang='lat' dir='ltr'><strong>turbines</strong></span> <span class='ocrx_word' id='word_1_55' title='bbox 1547 348 1627 385; x_wconf 86' lang='lat' dir='ltr'><strong>illas</strong></span> <span class='ocrx_word' id='word_1_56' title='bbox 1646 347 1799 396; x_wconf 87' lang='lat' dir='ltr'><strong>pulveris</strong></span> <span class='ocrx_word' id='word_1_57' title='bbox 1816 351 1921 385; x_wconf 86' lang='lat' dir='ltr'><strong>vento</strong></span> <span class='ocrx_word' id='word_1_58' title='bbox 1939 348 2135 386; x_wconf 81' lang='lat' dir='ltr'><strong>concitatas</strong></span> <span class='ocrx_word' id='word_1_59' title='bbox 2153 347 2211 397; x_wconf 87' lang='lat' dir='ltr'>(Il</span> <span class='ocrx_word' id='word_1_60' title='bbox 2230 346 2329 392; x_wconf 92' lang='lat' dir='ltr'>XIII</span> 
     </span>
    </p>
   </div>
   <div class='ocr_carea' id='block_1_10' title="bbox 100 406 2331 457">
    <p class='ocr_par' dir='ltr' id='par_1_10' title="bbox 0 385 2331 457">
     <span class='ocr_line' id='line_1_10' title="bbox 100 406 2331 457; baseline 0 -12"><span class='ocrx_word' id='word_1_61' title='bbox 100 432 102 434; x_wconf 31' lang='grc' dir='ltr'>ψ</span> <span class='ocrx_word' id='word_1_62' title='bbox 178 406 253 447; x_wconf 73' lang='lat'><strong>334</strong></span> <span class='ocrx_word' id='word_1_63' title='bbox 276 408 376 457; x_wconf 84' lang='lat' dir='ltr'><strong>sqq.)</strong></span> <span class='ocrx_word' id='word_1_64' title='bbox 392 419 559 456; x_wconf 89' lang='lat' dir='ltr'><strong>spumam</strong></span> <span class='ocrx_word' id='word_1_65' title='bbox 573 419 701 445; x_wconf 86' lang='lat' dir='ltr'><strong>navem</strong></span> <span class='ocrx_word' id='word_1_66' title='bbox 720 411 909 456; x_wconf 75' lang='lat' dir='ltr'><strong>tegentem,</strong></span> <span class='ocrx_word' id='word_1_67' title='bbox 927 409 957 445; x_wconf 90' lang='lat' dir='ltr'><strong>si</strong></span> <span class='ocrx_word' id='word_1_68' title='bbox 971 408 1089 445; x_wconf 86' lang='lat' dir='ltr'><strong>undae</strong></span> <span class='ocrx_word' id='word_1_69' title='bbox 1103 410 1399 456; x_wconf 88' lang='lat' dir='ltr'><strong>superinveniunt</strong></span> <span class='ocrx_word' id='word_1_70' title='bbox 1412 408 1471 455; x_wconf 95' lang='grc' dir='ltr'>(ΙΙ.</span> <span class='ocrx_word' id='word_1_71' title='bbox 1486 409 1564 452; x_wconf 90' lang='lat' dir='ltr'><strong>XV.</strong></span> <span class='ocrx_word' id='word_1_72' title='bbox 1580 408 1670 457; x_wconf 81' lang='grc'><strong>625)</strong></span> <span class='ocrx_word' id='word_1_73' title='bbox 1686 414 1748 445; x_wconf 88' lang='lat' dir='ltr'><strong>aut</strong></span> <span class='ocrx_word' id='word_1_74' title='bbox 1760 409 1791 445; x_wconf 91' lang='lat' dir='ltr'><strong>si</strong></span> <span class='ocrx_word' id='word_1_75' title='bbox 1804 409 1927 445; x_wconf 79' lang='lat' dir='ltr'><strong>creber</strong></span> <span class='ocrx_word' id='word_1_76' title='bbox 1940 409 2098 446; x_wconf 87' lang='lat' dir='ltr'><strong>tumidus</strong></span> <span class='ocrx_word' id='word_1_77' title='bbox 2112 408 2243 446; x_wconf 85' lang='lat' dir='ltr'><strong>fluctus</strong></span> <span class='ocrx_word' id='word_1_78' title='bbox 2257 408 2331 445; x_wconf 87' lang='lat' dir='ltr'><strong>vol-</strong></span> 
     </span>
    </p>
   </div>
   <div class='ocr_carea' id='block_1_11' title="bbox 0 304 156 956">
    <p class='ocr_par' dir='ltr' id='par_1_11' title="bbox 0 304 156 956">
     <span class='ocr_line' id='line_1_11' title="bbox 0 304 156 956; baseline 0 2121"><span class='ocrx_word' id='word_1_79' title='bbox 0 304 156 956; x_wconf 95' lang='lat' dir='ltr'><strong> </strong></span> 
     </span>
    </p>
   </div>
   <div class='ocr_carea' id='block_1_12' title="bbox 175 467 2333 1238">
    <p class='ocr_par' dir='ltr' id='par_1_12' title="bbox 175 467 2333 1238">
     <span class='ocr_line' id='line_1_12' title="bbox 177 467 2332 518; baseline 0 -12"><span class='ocrx_word' id='word_1_80' title='bbox 177 467 274 509; x_wconf 85' lang='lat' dir='ltr'><strong>vitur</strong></span> <span class='ocrx_word' id='word_1_81' title='bbox 293 479 493 518; x_wconf 82' lang='lat' dir='ltr'><strong>spumaque</strong></span> <span class='ocrx_word' id='word_1_82' title='bbox 517 468 555 506; x_wconf 93' lang='lat' dir='ltr'><strong>in</strong></span> <span class='ocrx_word' id='word_1_83' title='bbox 581 468 694 507; x_wconf 89' lang='lat' dir='ltr'><strong>altum</strong></span> <span class='ocrx_word' id='word_1_84' title='bbox 721 468 902 517; x_wconf 89' lang='lat' dir='ltr'><strong>spargitur</strong></span> <span class='ocrx_word' id='word_1_85' title='bbox 928 468 987 516; x_wconf 87' lang='lat' dir='ltr'><strong>(Il.</strong></span> <span class='ocrx_word' id='word_1_86' title='bbox 1009 468 1076 513; x_wconf 79' lang='lat' dir='ltr'><strong>JV,</strong></span> <span class='ocrx_word' id='word_1_87' title='bbox 1102 468 1187 508; x_wconf 81' lang='lat'><strong>426.</strong></span> <span class='ocrx_word' id='word_1_88' title='bbox 1215 468 1277 513; x_wconf 88' lang='lat' dir='ltr'><strong>XI,</strong></span> <span class='ocrx_word' id='word_1_89' title='bbox 1306 468 1407 517; x_wconf 84' lang='lat'><strong>307).</strong></span> <span class='ocrx_word' id='word_1_90' title='bbox 1447 468 1624 505; x_wconf 85' lang='lat' dir='ltr'><strong>Homerus</strong></span> <span class='ocrx_word' id='word_1_91' title='bbox 1651 467 1833 517; x_wconf 86' lang='lat' dir='ltr'><strong>palearum</strong></span> <span class='ocrx_word' id='word_1_92' title='bbox 1860 468 2080 517; x_wconf 77' lang='lat' dir='ltr'><strong>receptacula</strong></span> <span class='ocrx_word' id='word_1_93' title='bbox 2105 468 2332 506; x_wconf 78' lang='lat' dir='ltr'><strong>subalbieare</strong></span> 
     </span>
     <span class='ocr_line' id='line_1_13' title="bbox 180 520 2330 577; baseline 0.001 -12"><span class='ocrx_word' id='word_1_94' title='bbox 180 531 396 576; x_wconf 82' lang='lat' dir='ltr'><strong>ventumque</strong></span> <span class='ocrx_word' id='word_1_95' title='bbox 421 528 544 566; x_wconf 86' lang='lat' dir='ltr'><strong>differe</strong></span> <span class='ocrx_word' id='word_1_96' title='bbox 569 528 691 577; x_wconf 87' lang='lat' dir='ltr'><strong>paleas</strong></span> <span class='ocrx_word' id='word_1_97' title='bbox 717 540 781 577; x_wconf 88' lang='lat' dir='ltr'><strong>per</strong></span> <span class='ocrx_word' id='word_1_98' title='bbox 807 520 928 565; x_wconf 79' lang='lat' dir='ltr'><strong>aream</strong></span> <span class='ocrx_word' id='word_1_99' title='bbox 956 528 1013 576; x_wconf 91' lang='grc' dir='ltr'>(ΙΙ.</span> <span class='ocrx_word' id='word_1_100' title='bbox 1030 529 1071 573; x_wconf 88' lang='lat' dir='ltr'><strong>V,</strong></span> <span class='ocrx_word' id='word_1_101' title='bbox 1099 529 1190 573; x_wconf 84' lang='grc'><strong>499)</strong></span> <span class='ocrx_word' id='word_1_102' title='bbox 1219 529 1320 566; x_wconf 83' lang='lat' dir='ltr'><strong>fabas</strong></span> <span class='ocrx_word' id='word_1_103' title='bbox 1347 533 1383 565; x_wconf 87' lang='lat' dir='ltr'><strong>et</strong></span> <span class='ocrx_word' id='word_1_104' title='bbox 1408 529 1485 576; x_wconf 87' lang='lat' dir='ltr'><strong>pisa</strong></span> <span class='ocrx_word' id='word_1_105' title='bbox 1512 528 1686 566; x_wconf 78' lang='lat' dir='ltr'><strong>resultare</strong></span> <span class='ocrx_word' id='word_1_106' title='bbox 1712 540 1734 565; x_wconf 90' lang='lat' dir='ltr'><strong>a</strong></span> <span class='ocrx_word' id='word_1_107' title='bbox 1760 529 1849 577; x_wconf 90' lang='lat' dir='ltr'><strong>palis</strong></span> <span class='ocrx_word' id='word_1_108' title='bbox 1863 529 2114 567; x_wconf 86' lang='lat' dir='ltr'><strong>ventilatorum</strong></span> <span class='ocrx_word' id='word_1_109' title='bbox 2141 529 2199 576; x_wconf 90' lang='lat' dir='ltr'><strong>(Il.</strong></span> <span class='ocrx_word' id='word_1_110' title='bbox 2227 528 2330 573; x_wconf 84' lang='lat' dir='ltr'>XIII,</span> 
     </span>
     <span class='ocr_line' id='line_1_14' title="bbox 175 587 2328 637; baseline 0 -12"><span class='ocrx_word' id='word_1_111' title='bbox 175 588 249 626; x_wconf 87' lang='lat'><strong>588</strong></span> <span class='ocrx_word' id='word_1_112' title='bbox 274 587 383 637; x_wconf 90' lang='lat' dir='ltr'><strong>sqq.),</strong></span> <span class='ocrx_word' id='word_1_113' title='bbox 411 591 555 626; x_wconf 86' lang='lat' dir='ltr'><strong>ventum</strong></span> <span class='ocrx_word' id='word_1_114' title='bbox 582 599 748 626; x_wconf 80' lang='lat' dir='ltr'><strong>acervum</strong></span> <span class='ocrx_word' id='word_1_115' title='bbox 765 588 940 626; x_wconf 87' lang='lat' dir='ltr'><strong>siccorum</strong></span> <span class='ocrx_word' id='word_1_116' title='bbox 954 600 1148 637; x_wconf 83' lang='lat' dir='ltr'><strong>granorum</strong></span> <span class='ocrx_word' id='word_1_117' title='bbox 1176 588 1298 625; x_wconf 86' lang='lat' dir='ltr'><strong>differe</strong></span> <span class='ocrx_word' id='word_1_118' title='bbox 1324 590 1360 625; x_wconf 91' lang='lat' dir='ltr'><strong>in</strong></span> <span class='ocrx_word' id='word_1_119' title='bbox 1381 593 1500 636; x_wconf 88' lang='lat' dir='ltr'><strong>partes</strong></span> <span class='ocrx_word' id='word_1_120' title='bbox 1518 589 1673 625; x_wconf 77' lang='lat' dir='ltr'><strong>maxime</strong></span> <span class='ocrx_word' id='word_1_121' title='bbox 1692 589 1850 626; x_wconf 87' lang='lat' dir='ltr'><strong>diversas</strong></span> <span class='ocrx_word' id='word_1_122' title='bbox 1877 588 1957 636; x_wconf 86' lang='lat' dir='ltr'><strong>(od.</strong></span> <span class='ocrx_word' id='word_1_123' title='bbox 1982 589 2023 629; x_wconf 84' lang='lat' dir='ltr'><strong>V,</strong></span> <span class='ocrx_word' id='word_1_124' title='bbox 2044 590 2135 636; x_wconf 85' lang='lat'>368)</span> <span class='ocrx_word' id='word_1_125' title='bbox 2160 589 2328 626; x_wconf 74' lang='lat' dir='ltr'><strong>ostendit.</strong></span> 
     </span>
     <span class='ocr_line' id='line_1_15' title="bbox 177 647 2331 697; baseline 0.001 -13"><span class='ocrx_word' id='word_1_126' title='bbox 177 647 350 686; x_wconf 86' lang='lat' dir='ltr'><strong>Videmus</strong></span> <span class='ocrx_word' id='word_1_127' title='bbox 375 651 411 686; x_wconf 89' lang='lat' dir='ltr'><strong>et</strong></span> <span class='ocrx_word' id='word_1_128' title='bbox 436 651 582 685; x_wconf 89' lang='lat' dir='ltr'><strong>ventum</strong></span> <span class='ocrx_word' id='word_1_129' title='bbox 608 648 694 685; x_wconf 89' lang='lat' dir='ltr'><strong>folia</strong></span> <span class='ocrx_word' id='word_1_130' title='bbox 720 648 790 685; x_wconf 87' lang='lat' dir='ltr'><strong>alia</strong></span> <span class='ocrx_word' id='word_1_131' title='bbox 816 648 916 685; x_wconf 86' lang='lat' dir='ltr'><strong>humi</strong></span> <span class='ocrx_word' id='word_1_132' title='bbox 943 650 1152 687; x_wconf 75' lang='lat' dir='ltr'><strong>tundentem</strong></span> <span class='ocrx_word' id='word_1_133' title='bbox 1179 653 1213 686; x_wconf 89' lang='lat' dir='ltr'><strong>et</strong></span> <span class='ocrx_word' id='word_1_134' title='bbox 1238 649 1364 686; x_wconf 82' lang='lat' dir='ltr'><strong>silvam</strong></span> <span class='ocrx_word' id='word_1_135' title='bbox 1392 649 1658 696; x_wconf 83' lang='lat' dir='ltr'><strong>germinantem</strong></span> <span class='ocrx_word' id='word_1_136' title='bbox 1685 648 1755 685; x_wconf 91' lang='lat' dir='ltr'><strong>alia</strong></span> <span class='ocrx_word' id='word_1_137' title='bbox 1782 649 2032 696; x_wconf 70' lang='lat' dir='ltr'><strong>producentem</strong></span> <span class='ocrx_word' id='word_1_138' title='bbox 2062 649 2197 697; x_wconf 83' lang='lat' dir='ltr'><strong>(11.v1,</strong></span> <span class='ocrx_word' id='word_1_139' title='bbox 2230 650 2331 692; x_wconf 87' lang='lat'>147).</span> 
     </span>
     <span class='ocr_line' id='line_1_16' title="bbox 175 702 2333 763; baseline 0.001 -18"><span class='ocrx_word' id='word_1_140' title='bbox 175 706 298 745; x_wconf 84' lang='lat' dir='ltr'><strong>Utitur</strong></span> <span class='ocrx_word' id='word_1_141' title='bbox 323 708 429 763; x_wconf 67' lang='lat' dir='ltr'><strong>etiam</strong></span> <span class='ocrx_word' id='word_1_142' title='bbox 457 707 550 746; x_wconf 84' lang='lat' dir='ltr'><strong>foliis</strong></span> <span class='ocrx_word' id='word_1_143' title='bbox 585 712 620 746; x_wconf 89' lang='lat' dir='ltr'><strong>et</strong></span> <span class='ocrx_word' id='word_1_144' title='bbox 645 708 791 746; x_wconf 90' lang='lat' dir='ltr'><strong>fioribus</strong></span> <span class='ocrx_word' id='word_1_145' title='bbox 818 713 852 746; x_wconf 89' lang='lat' dir='ltr'><strong>et</strong></span> <span class='ocrx_word' id='word_1_146' title='bbox 872 702 1013 746; x_wconf 61' lang='lat' dir='ltr'><strong>&#39;arenae</strong></span> <span class='ocrx_word' id='word_1_147' title='bbox 1039 709 1162 757; x_wconf 87' lang='lat' dir='ltr'><strong>granis</strong></span> <span class='ocrx_word' id='word_1_148' title='bbox 1201 713 1241 746; x_wconf 91' lang='lat' dir='ltr'><strong>ut</strong></span> <span class='ocrx_word' id='word_1_149' title='bbox 1266 708 1445 757; x_wconf 83' lang='lat' dir='ltr'><strong>significet</strong></span> <span class='ocrx_word' id='word_1_150' title='bbox 1484 708 1660 756; x_wconf 76' lang='lat' dir='ltr'><strong>quaedam</strong></span> <span class='ocrx_word' id='word_1_151' title='bbox 1687 719 1765 746; x_wconf 89' lang='lat' dir='ltr'><strong>esse</strong></span> <span class='ocrx_word' id='word_1_152' title='bbox 1803 709 2052 747; x_wconf 73' lang='lat' dir='ltr'><strong>inumerabilis</strong></span> <span class='ocrx_word' id='word_1_153' title='bbox 2087 710 2216 759; x_wconf 88' lang='lat' dir='ltr'><strong>(erant,</strong></span> <span class='ocrx_word' id='word_1_154' title='bbox 2244 713 2333 758; x_wconf 86' lang='lat' dir='ltr'><strong>quot</strong></span> 
     </span>
     <span class='ocr_line' id='line_1_17' title="bbox 177 767 2330 818; baseline 0.001 -13"><span class='ocrx_word' id='word_1_155' title='bbox 177 767 262 805; x_wconf 86' lang='lat' dir='ltr'><strong>folia</strong></span> <span class='ocrx_word' id='word_1_156' title='bbox 288 771 323 807; x_wconf 89' lang='lat' dir='ltr'><strong>et</strong></span> <span class='ocrx_word' id='word_1_157' title='bbox 349 768 453 806; x_wconf 88' lang='lat' dir='ltr'><strong>flores</strong></span> <span class='ocrx_word' id='word_1_158' title='bbox 479 772 677 807; x_wconf 84' lang='lat' dir='ltr'><strong>nascuntur</strong></span> <span class='ocrx_word' id='word_1_159' title='bbox 702 777 860 818; x_wconf 84' lang='lat' dir='ltr'><strong>tempore</strong></span> <span class='ocrx_word' id='word_1_160' title='bbox 904 770 1008 807; x_wconf 90' lang='lat' dir='ltr'><strong>veris.</strong></span> <span class='ocrx_word' id='word_1_161' title='bbox 1035 769 1077 807; x_wconf 92' lang='lat' dir='ltr'><strong>Il.</strong></span> <span class='ocrx_word' id='word_1_162' title='bbox 1103 769 1148 814; x_wconf 88' lang='grc' dir='ltr'><strong>Π,</strong></span> <span class='ocrx_word' id='word_1_163' title='bbox 1176 770 1249 806; x_wconf 77' lang='lat'><strong>467</strong></span> <span class='ocrx_word' id='word_1_164' title='bbox 1293 781 1371 817; x_wconf 88' lang='lat' dir='ltr'><strong>sqq.</strong></span> <span class='ocrx_word' id='word_1_165' title='bbox 1415 770 1487 806; x_wconf 88' lang='lat'><strong>800</strong></span> <span class='ocrx_word' id='word_1_166' title='bbox 1515 781 1594 817; x_wconf 88' lang='lat' dir='ltr'><strong>sqq.</strong></span> <span class='ocrx_word' id='word_1_167' title='bbox 1622 769 1687 806; x_wconf 94' lang='lat' dir='ltr'><strong>0d.</strong></span> <span class='ocrx_word' id='word_1_168' title='bbox 1714 769 1777 814; x_wconf 90' lang='lat' dir='ltr'><strong>IX,</strong></span> <span class='ocrx_word' id='word_1_169' title='bbox 1821 770 1898 817; x_wconf 88' lang='lat'>51).</span> <span class='ocrx_word' id='word_1_170' title='bbox 1951 769 2144 818; x_wconf 88' lang='lat' dir='ltr'><strong>Comparat</strong></span> <span class='ocrx_word' id='word_1_171' title='bbox 2185 781 2330 818; x_wconf 85' lang='lat' dir='ltr'><strong>quoque</strong></span> 
     </span>
     <span class='ocr_line' id='line_1_18' title="bbox 178 829 2328 878; baseline 0.002 -13"><span class='ocrx_word' id='word_1_172' title='bbox 178 829 362 866; x_wconf 84' lang='lat' dir='ltr'><strong>ministras</strong></span> <span class='ocrx_word' id='word_1_173' title='bbox 387 829 515 866; x_wconf 80' lang='lat' dir='ltr'><strong>Aretes</strong></span> <span class='ocrx_word' id='word_1_174' title='bbox 542 832 701 866; x_wconf 82' lang='lat' dir='ltr'><strong>texentes</strong></span> <span class='ocrx_word' id='word_1_175' title='bbox 728 834 762 866; x_wconf 90' lang='lat' dir='ltr'><strong>et</strong></span> <span class='ocrx_word' id='word_1_176' title='bbox 788 834 915 867; x_wconf 86' lang='lat' dir='ltr'><strong>nentes</strong></span> <span class='ocrx_word' id='word_1_177' title='bbox 941 830 1035 867; x_wconf 87' lang='lat' dir='ltr'><strong>foliis</strong></span> <span class='ocrx_word' id='word_1_178' title='bbox 1061 830 1181 878; x_wconf 89' lang='lat' dir='ltr'><strong>populi</strong></span> <span class='ocrx_word' id='word_1_179' title='bbox 1208 831 1343 877; x_wconf 83' lang='lat' dir='ltr'><strong>nigrae,</strong></span> <span class='ocrx_word' id='word_1_180' title='bbox 1390 830 1519 877; x_wconf 88' lang='lat' dir='ltr'><strong>partim</strong></span> <span class='ocrx_word' id='word_1_181' title='bbox 1555 833 1698 877; x_wconf 88' lang='lat' dir='ltr'><strong>propter</strong></span> <span class='ocrx_word' id='word_1_182' title='bbox 1741 829 1902 866; x_wconf 91' lang='lat' dir='ltr'><strong>ordinem</strong></span> <span class='ocrx_word' id='word_1_183' title='bbox 1946 830 1991 867; x_wconf 88' lang='lat' dir='ltr'><strong>ab</strong></span> <span class='ocrx_word' id='word_1_184' title='bbox 2036 830 2079 868; x_wconf 86' lang='lat' dir='ltr'><strong>iis</strong></span> <span class='ocrx_word' id='word_1_185' title='bbox 2121 831 2328 869; x_wconf 86' lang='lat' dir='ltr'><strong>sedentibus</strong></span> 
     </span>
     <span class='ocr_line' id='line_1_19' title="bbox 177 888 2327 939; baseline 0 -13"><span class='ocrx_word' id='word_1_186' title='bbox 177 888 414 934; x_wconf 88' lang='lat' dir='ltr'><strong>observatum,</strong></span> <span class='ocrx_word' id='word_1_187' title='bbox 442 889 569 938; x_wconf 86' lang='lat' dir='ltr'><strong>partim</strong></span> <span class='ocrx_word' id='word_1_188' title='bbox 598 893 741 938; x_wconf 90' lang='lat' dir='ltr'><strong>propter</strong></span> <span class='ocrx_word' id='word_1_189' title='bbox 767 890 1015 928; x_wconf 81' lang='lat' dir='ltr'><strong>strenuitatem</strong></span> <span class='ocrx_word' id='word_1_190' title='bbox 1043 894 1078 928; x_wconf 89' lang='lat' dir='ltr'><strong>et</strong></span> <span class='ocrx_word' id='word_1_191' title='bbox 1104 890 1318 927; x_wconf 90' lang='lat' dir='ltr'><strong>industriam</strong></span> <span class='ocrx_word' id='word_1_192' title='bbox 1345 900 1468 926; x_wconf 90' lang='lat' dir='ltr'><strong>earum</strong></span> <span class='ocrx_word' id='word_1_193' title='bbox 1495 889 1577 937; x_wconf 88' lang='lat' dir='ltr'><strong>(Od.</strong></span> <span class='ocrx_word' id='word_1_194' title='bbox 1607 889 1684 934; x_wconf 88' lang='lat' dir='ltr'><strong>VH,</strong></span> <span class='ocrx_word' id='word_1_195' title='bbox 1716 889 1814 938; x_wconf 91' lang='grc'><strong>106).</strong></span> <span class='ocrx_word' id='word_1_196' title='bbox 1868 890 2067 927; x_wconf 79' lang='lat' dir='ltr'><strong>Priamidae</strong></span> <span class='ocrx_word' id='word_1_197' title='bbox 2093 895 2199 939; x_wconf 89' lang='lat' dir='ltr'><strong>caput</strong></span> <span class='ocrx_word' id='word_1_198' title='bbox 2224 890 2327 928; x_wconf 84' lang='lat' dir='ltr'><strong>incli-</strong></span> 
     </span>
     <span class='ocr_line' id='line_1_20' title="bbox 175 950 2327 1002; baseline 0.001 -15"><span class='ocrx_word' id='word_1_199' title='bbox 175 953 292 994; x_wconf 71' lang='lat' dir='ltr'><strong>natur,</strong></span> <span class='ocrx_word' id='word_1_200' title='bbox 320 950 423 987; x_wconf 87' lang='lat' dir='ltr'><strong>sicuti</strong></span> <span class='ocrx_word' id='word_1_201' title='bbox 450 961 604 998; x_wconf 88' lang='lat' dir='ltr'><strong>papaver</strong></span> <span class='ocrx_word' id='word_1_202' title='bbox 630 954 736 998; x_wconf 91' lang='lat' dir='ltr'><strong>caput</strong></span> <span class='ocrx_word' id='word_1_203' title='bbox 763 951 800 988; x_wconf 90' lang='lat' dir='ltr'><strong>in</strong></span> <span class='ocrx_word' id='word_1_204' title='bbox 828 951 976 988; x_wconf 89' lang='lat' dir='ltr'><strong>alteram</strong></span> <span class='ocrx_word' id='word_1_205' title='bbox 1002 955 1140 999; x_wconf 87' lang='lat' dir='ltr'><strong>partem</strong></span> <span class='ocrx_word' id='word_1_206' title='bbox 1167 951 1324 995; x_wconf 87' lang='lat' dir='ltr'><strong>inflectit,</strong></span> <span class='ocrx_word' id='word_1_207' title='bbox 1366 951 1460 998; x_wconf 91' lang='lat' dir='ltr'><strong>quod</strong></span> <span class='ocrx_word' id='word_1_208' title='bbox 1487 950 1603 988; x_wconf 80' lang='lat' dir='ltr'><strong>fructu</strong></span> <span class='ocrx_word' id='word_1_209' title='bbox 1631 954 1686 988; x_wconf 89' lang='lat' dir='ltr'><strong>est</strong></span> <span class='ocrx_word' id='word_1_210' title='bbox 1725 955 1913 998; x_wconf 87' lang='lat' dir='ltr'><strong>gravatum</strong></span> <span class='ocrx_word' id='word_1_211' title='bbox 1953 951 2173 1000; x_wconf 89' lang='lat' dir='ltr'><strong>humoreque</strong></span> <span class='ocrx_word' id='word_1_212' title='bbox 2198 952 2327 1002; x_wconf 88' lang='lat' dir='ltr'><strong>imbris</strong></span> 
     </span>
     <span class='ocr_line' id='line_1_21' title="bbox 177 1010 2330 1060; baseline 0 -12"><span class='ocrx_word' id='word_1_213' title='bbox 177 1010 237 1059; x_wconf 92' lang='lat' dir='ltr'><strong>(Il.</strong></span> <span class='ocrx_word' id='word_1_214' title='bbox 264 1010 361 1056; x_wconf 91' lang='lat' dir='ltr'>VIII,</span> <span class='ocrx_word' id='word_1_215' title='bbox 390 1010 490 1059; x_wconf 83' lang='lat'><strong>306).</strong></span> <span class='ocrx_word' id='word_1_216' title='bbox 544 1011 671 1048; x_wconf 89' lang='lat' dir='ltr'><strong>Guttas</strong></span> <span class='ocrx_word' id='word_1_217' title='bbox 697 1011 787 1048; x_wconf 89' lang='lat' dir='ltr'><strong>roris</strong></span> <span class='ocrx_word' id='word_1_218' title='bbox 814 1011 853 1048; x_wconf 89' lang='lat' dir='ltr'><strong>in</strong></span> <span class='ocrx_word' id='word_1_219' title='bbox 881 1011 1061 1059; x_wconf 88' lang='lat' dir='ltr'><strong>segetibus</strong></span> <span class='ocrx_word' id='word_1_220' title='bbox 1087 1011 1269 1059; x_wconf 76' lang='lat' dir='ltr'><strong>cognoscit</strong></span> <span class='ocrx_word' id='word_1_221' title='bbox 1294 1015 1398 1059; x_wconf 88' lang='lat' dir='ltr'><strong>poeta</strong></span> <span class='ocrx_word' id='word_1_222' title='bbox 1425 1010 1597 1058; x_wconf 89' lang='lat' dir='ltr'><strong>ponitque</strong></span> <span class='ocrx_word' id='word_1_223' title='bbox 1623 1011 1726 1048; x_wconf 89' lang='lat' dir='ltr'><strong>nobis</strong></span> <span class='ocrx_word' id='word_1_224' title='bbox 1753 1014 1837 1049; x_wconf 87' lang='lat' dir='ltr'><strong>ante</strong></span> <span class='ocrx_word' id='word_1_225' title='bbox 1867 1011 1987 1049; x_wconf 87' lang='lat' dir='ltr'><strong>oculos</strong></span> <span class='ocrx_word' id='word_1_226' title='bbox 2007 1011 2064 1059; x_wconf 90' lang='lat' dir='ltr'><strong>(Il.</strong></span> <span class='ocrx_word' id='word_1_227' title='bbox 2084 1011 2216 1055; x_wconf 86' lang='lat' dir='ltr'>XXIII,</span> <span class='ocrx_word' id='word_1_228' title='bbox 2238 1011 2330 1060; x_wconf 81' lang='lat'>597)</span> 
     </span>
     <span class='ocr_line' id='line_1_22' title="bbox 175 1069 2327 1120; baseline 0 -13"><span class='ocrx_word' id='word_1_229' title='bbox 175 1069 390 1120; x_wconf 84' lang='lat' dir='ltr'><strong>Zephyrum,</strong></span> <span class='ocrx_word' id='word_1_230' title='bbox 418 1071 479 1119; x_wconf 92' lang='lat' dir='ltr'><strong>qni</strong></span> <span class='ocrx_word' id='word_1_231' title='bbox 505 1071 671 1119; x_wconf 86' lang='lat' dir='ltr'><strong>ingentes</strong></span> <span class='ocrx_word' id='word_1_232' title='bbox 696 1073 835 1118; x_wconf 85' lang='lat' dir='ltr'><strong>segetes</strong></span> <span class='ocrx_word' id='word_1_233' title='bbox 849 1075 967 1108; x_wconf 91' lang='lat' dir='ltr'><strong>movet</strong></span> <span class='ocrx_word' id='word_1_234' title='bbox 991 1071 1137 1118; x_wconf 90' lang='lat' dir='ltr'><strong>rapidus</strong></span> <span class='ocrx_word' id='word_1_235' title='bbox 1164 1070 1337 1118; x_wconf 89' lang='lat' dir='ltr'><strong>ingruens</strong></span> <span class='ocrx_word' id='word_1_236' title='bbox 1363 1075 1398 1106; x_wconf 91' lang='lat' dir='ltr'><strong>et</strong></span> <span class='ocrx_word' id='word_1_237' title='bbox 1416 1070 1532 1117; x_wconf 81' lang='lat' dir='ltr'><strong>spicas</strong></span> <span class='ocrx_word' id='word_1_238' title='bbox 1559 1070 1708 1107; x_wconf 89' lang='lat' dir='ltr'><strong>inclinat</strong></span> <span class='ocrx_word' id='word_1_239' title='bbox 1726 1070 1784 1118; x_wconf 90' lang='grc' dir='ltr'>(ΙΙ.</span> <span class='ocrx_word' id='word_1_240' title='bbox 1803 1070 1849 1113; x_wconf 91' lang='lat' dir='ltr'><strong>II,</strong></span> <span class='ocrx_word' id='word_1_241' title='bbox 1874 1070 1973 1119; x_wconf 81' lang='lat'>147).</span> <span class='ocrx_word' id='word_1_242' title='bbox 2001 1071 2042 1108; x_wconf 93' lang='lat' dir='ltr'><strong>Il.</strong></span> <span class='ocrx_word' id='word_1_243' title='bbox 2062 1071 2140 1115; x_wconf 93' lang='lat' dir='ltr'>XII,</span> <span class='ocrx_word' id='word_1_244' title='bbox 2159 1072 2208 1109; x_wconf 81' lang='lat'><strong>52</strong></span> <span class='ocrx_word' id='word_1_245' title='bbox 2227 1071 2327 1119; x_wconf 91' lang='lat' dir='ltr'><strong>sqq.)</strong></span> 
     </span>
     <span class='ocr_line' id='line_1_23' title="bbox 178 1130 2328 1180; baseline -0.001 -11"><span class='ocrx_word' id='word_1_246' title='bbox 178 1132 346 1169; x_wconf 77' lang='lat' dir='ltr'><strong>describit</strong></span> <span class='ocrx_word' id='word_1_247' title='bbox 371 1133 474 1169; x_wconf 90' lang='lat' dir='ltr'><strong>nobis</strong></span> <span class='ocrx_word' id='word_1_248' title='bbox 501 1143 650 1180; x_wconf 86' lang='lat' dir='ltr'><strong>germen</strong></span> <span class='ocrx_word' id='word_1_249' title='bbox 674 1132 859 1168; x_wconf 83' lang='lat' dir='ltr'><strong>luxurians</strong></span> <span class='ocrx_word' id='word_1_250' title='bbox 888 1131 1011 1175; x_wconf 91' lang='lat' dir='ltr'><strong>olivae,</strong></span> <span class='ocrx_word' id='word_1_251' title='bbox 1040 1132 1134 1178; x_wconf 91' lang='lat' dir='ltr'><strong>quod</strong></span> <span class='ocrx_word' id='word_1_252' title='bbox 1162 1130 1318 1179; x_wconf 88' lang='lat' dir='ltr'><strong>agricola</strong></span> <span class='ocrx_word' id='word_1_253' title='bbox 1344 1130 1419 1167; x_wconf 88' lang='lat' dir='ltr'><strong>loco</strong></span> <span class='ocrx_word' id='word_1_254' title='bbox 1446 1131 1585 1167; x_wconf 88' lang='lat' dir='ltr'><strong>deserto</strong></span> <span class='ocrx_word' id='word_1_255' title='bbox 1625 1133 1661 1167; x_wconf 93' lang='lat' dir='ltr'><strong>et</strong></span> <span class='ocrx_word' id='word_1_256' title='bbox 1685 1130 1789 1178; x_wconf 85' lang='lat' dir='ltr'><strong>riguo</strong></span> <span class='ocrx_word' id='word_1_257' title='bbox 1815 1130 2007 1178; x_wconf 86' lang='lat' dir='ltr'><strong>diligenter</strong></span> <span class='ocrx_word' id='word_1_258' title='bbox 2032 1131 2123 1175; x_wconf 88' lang='lat' dir='ltr'><strong>colit,</strong></span> <span class='ocrx_word' id='word_1_259' title='bbox 2152 1142 2222 1179; x_wconf 93' lang='lat' dir='ltr'><strong>quo</strong></span> <span class='ocrx_word' id='word_1_260' title='bbox 2250 1131 2328 1168; x_wconf 86' lang='lat' dir='ltr'><strong>loco</strong></span> 
     </span>
     <span class='ocr_line' id='line_1_24' title="bbox 177 1190 2206 1238; baseline -0.001 -8"><span class='ocrx_word' id='word_1_261' title='bbox 177 1192 284 1230; x_wconf 85' lang='lat' dir='ltr'><strong>variis</strong></span> <span class='ocrx_word' id='word_1_262' title='bbox 312 1192 426 1229; x_wconf 85' lang='lat' dir='ltr'><strong>ventis</strong></span> <span class='ocrx_word' id='word_1_263' title='bbox 453 1196 588 1228; x_wconf 89' lang='lat' dir='ltr'><strong>motum</strong></span> <span class='ocrx_word' id='word_1_264' title='bbox 616 1191 705 1229; x_wconf 85' lang='lat' dir='ltr'><strong>albis</strong></span> <span class='ocrx_word' id='word_1_265' title='bbox 732 1191 878 1228; x_wconf 89' lang='lat' dir='ltr'><strong>floribus</strong></span> <span class='ocrx_word' id='word_1_266' title='bbox 908 1191 1009 1228; x_wconf 87' lang='lat' dir='ltr'><strong>floret</strong></span> <span class='ocrx_word' id='word_1_267' title='bbox 1037 1191 1119 1227; x_wconf 91' lang='lat' dir='ltr'><strong>dum</strong></span> <span class='ocrx_word' id='word_1_268' title='bbox 1147 1191 1263 1228; x_wconf 80' lang='lat' dir='ltr'><strong>subito</strong></span> <span class='ocrx_word' id='word_1_269' title='bbox 1291 1190 1433 1227; x_wconf 89' lang='lat' dir='ltr'><strong>turbine</strong></span> <span class='ocrx_word' id='word_1_270' title='bbox 1461 1201 1480 1226; x_wconf 90' lang='lat' dir='ltr'><strong>e</strong></span> <span class='ocrx_word' id='word_1_271' title='bbox 1507 1194 1602 1227; x_wconf 89' lang='lat' dir='ltr'><strong>terra</strong></span> <span class='ocrx_word' id='word_1_272' title='bbox 1628 1194 1789 1238; x_wconf 90' lang='lat' dir='ltr'><strong>ereptum</strong></span> <span class='ocrx_word' id='word_1_273' title='bbox 1815 1191 1975 1237; x_wconf 85' lang='lat' dir='ltr'><strong>graviter</strong></span> <span class='ocrx_word' id='word_1_274' title='bbox 1999 1191 2206 1238; x_wconf 82' lang='lat' dir='ltr'><strong>prolabitur.</strong></span> 
     </span>
    </p>
   </div>
   <div class='ocr_carea' id='block_1_13' title="bbox 168 1311 2333 2509">
    <p class='ocr_par' dir='ltr' id='par_1_13' title="bbox 168 1311 2333 2509">
     <span class='ocr_line' id='line_1_25' title="bbox 328 1311 2328 1361; baseline -0.001 -11"><span class='ocrx_word' id='word_1_275' title='bbox 328 1312 542 1361; x_wconf 78' lang='lat' dir='ltr'><strong>Saepissime</strong></span> <span class='ocrx_word' id='word_1_276' title='bbox 568 1312 740 1350; x_wconf 84' lang='lat' dir='ltr'><strong>animalia</strong></span> <span class='ocrx_word' id='word_1_277' title='bbox 766 1323 906 1360; x_wconf 92' lang='lat' dir='ltr'><strong>quoque</strong></span> <span class='ocrx_word' id='word_1_278' title='bbox 933 1312 970 1349; x_wconf 93' lang='lat' dir='ltr'><strong>in</strong></span> <span class='ocrx_word' id='word_1_279' title='bbox 997 1312 1321 1360; x_wconf 86' lang='lat' dir='ltr'><strong>comparationibus</strong></span> <span class='ocrx_word' id='word_1_280' title='bbox 1349 1322 1519 1359; x_wconf 88' lang='lat' dir='ltr'><strong>apparere</strong></span> <span class='ocrx_word' id='word_1_281' title='bbox 1545 1315 1581 1347; x_wconf 88' lang='lat' dir='ltr'><strong>et</strong></span> <span class='ocrx_word' id='word_1_282' title='bbox 1607 1311 1884 1359; x_wconf 88' lang='lat' dir='ltr'><strong>unumquodque</strong></span> <span class='ocrx_word' id='word_1_283' title='bbox 1911 1311 1949 1348; x_wconf 90' lang='lat' dir='ltr'><strong>in</strong></span> <span class='ocrx_word' id='word_1_284' title='bbox 1976 1311 2045 1348; x_wconf 90' lang='lat' dir='ltr'><strong>illis</strong></span> <span class='ocrx_word' id='word_1_285' title='bbox 2073 1312 2328 1360; x_wconf 80' lang='lat' dir='ltr'><strong>proprietatum</strong></span> 
     </span>
     <span class='ocr_line' id='line_1_26' title="bbox 176 1371 2330 1420; baseline -0.001 -9"><span class='ocrx_word' id='word_1_286' title='bbox 176 1383 299 1411; x_wconf 90' lang='lat' dir='ltr'><strong>eorum</strong></span> <span class='ocrx_word' id='word_1_287' title='bbox 326 1372 464 1411; x_wconf 90' lang='lat' dir='ltr'><strong>ratione</strong></span> <span class='ocrx_word' id='word_1_288' title='bbox 489 1371 615 1410; x_wconf 86' lang='lat' dir='ltr'><strong>habita</strong></span> <span class='ocrx_word' id='word_1_289' title='bbox 641 1371 801 1410; x_wconf 84' lang='lat' dir='ltr'><strong>adhiberi</strong></span> <span class='ocrx_word' id='word_1_290' title='bbox 830 1372 1002 1409; x_wconf 88' lang='lat' dir='ltr'><strong>videmus.</strong></span> <span class='ocrx_word' id='word_1_291' title='bbox 1055 1371 1188 1409; x_wconf 85' lang='lat' dir='ltr'><strong>Cervus</strong></span> <span class='ocrx_word' id='word_1_292' title='bbox 1228 1382 1333 1420; x_wconf 82' lang='lat' dir='ltr'><strong>saepe</strong></span> <span class='ocrx_word' id='word_1_293' title='bbox 1360 1372 1480 1419; x_wconf 81' lang='lat' dir='ltr'><strong>imago</strong></span> <span class='ocrx_word' id='word_1_294' title='bbox 1507 1376 1561 1407; x_wconf 88' lang='lat' dir='ltr'><strong>est</strong></span> <span class='ocrx_word' id='word_1_295' title='bbox 1587 1372 1724 1407; x_wconf 83' lang='lat' dir='ltr'><strong>timoris</strong></span> <span class='ocrx_word' id='word_1_296' title='bbox 1764 1375 1799 1407; x_wconf 90' lang='lat' dir='ltr'><strong>et</strong></span> <span class='ocrx_word' id='word_1_297' title='bbox 1825 1372 2000 1418; x_wconf 83' lang='lat' dir='ltr'><strong>ignaviae,</strong></span> <span class='ocrx_word' id='word_1_298' title='bbox 2046 1372 2149 1419; x_wconf 85' lang='lat' dir='ltr'><strong>lupus</strong></span> <span class='ocrx_word' id='word_1_299' title='bbox 2194 1373 2330 1420; x_wconf 83' lang='lat' dir='ltr'><strong>cupidi-</strong></span> 
     </span>
     <span class='ocr_line' id='line_1_27' title="bbox 177 1432 2330 1481; baseline 0 -11"><span class='ocrx_word' id='word_1_300' title='bbox 177 1434 261 1471; x_wconf 87' lang='lat' dir='ltr'><strong>tatis</strong></span> <span class='ocrx_word' id='word_1_301' title='bbox 287 1434 505 1481; x_wconf 88' lang='lat' dir='ltr'><strong>rapinarum,</strong></span> <span class='ocrx_word' id='word_1_302' title='bbox 533 1433 700 1470; x_wconf 85' lang='lat' dir='ltr'><strong>audaciae</strong></span> <span class='ocrx_word' id='word_1_303' title='bbox 726 1433 870 1481; x_wconf 91' lang='lat' dir='ltr'><strong>pardus,</strong></span> <span class='ocrx_word' id='word_1_304' title='bbox 908 1433 1037 1470; x_wconf 86' lang='lat' dir='ltr'><strong>furoris</strong></span> <span class='ocrx_word' id='word_1_305' title='bbox 1065 1444 1160 1481; x_wconf 87' lang='lat' dir='ltr'><strong>aper.</strong></span> <span class='ocrx_word' id='word_1_306' title='bbox 1213 1434 1285 1470; x_wconf 89' lang='lat' dir='ltr'><strong>Leo</strong></span> <span class='ocrx_word' id='word_1_307' title='bbox 1329 1436 1382 1469; x_wconf 88' lang='lat' dir='ltr'><strong>est</strong></span> <span class='ocrx_word' id='word_1_308' title='bbox 1426 1432 1628 1480; x_wconf 85' lang='lat' dir='ltr'><strong>exemplum</strong></span> <span class='ocrx_word' id='word_1_309' title='bbox 1672 1433 1868 1480; x_wconf 84' lang='lat' dir='ltr'><strong>majestatis</strong></span> <span class='ocrx_word' id='word_1_310' title='bbox 1910 1433 2029 1481; x_wconf 86' lang='lat' dir='ltr'><strong>regiae</strong></span> <span class='ocrx_word' id='word_1_311' title='bbox 2072 1434 2330 1481; x_wconf 86' lang='lat' dir='ltr'><strong>dignitatisque</strong></span> 
     </span>
     <span class='ocr_line' id='line_1_28' title="bbox 175 1492 2329 1542; baseline -0.001 -10"><span class='ocrx_word' id='word_1_312' title='bbox 175 1493 315 1539; x_wconf 88' lang='lat' dir='ltr'><strong>nobilis,</strong></span> <span class='ocrx_word' id='word_1_313' title='bbox 343 1494 404 1532; x_wconf 89' lang='lat' dir='ltr'><strong>sed</strong></span> <span class='ocrx_word' id='word_1_314' title='bbox 432 1493 539 1532; x_wconf 90' lang='lat' dir='ltr'><strong>etiam</strong></span> <span class='ocrx_word' id='word_1_315' title='bbox 565 1493 684 1542; x_wconf 83' lang='lat' dir='ltr'><strong>imago</strong></span> <span class='ocrx_word' id='word_1_316' title='bbox 712 1492 931 1531; x_wconf 88' lang='lat' dir='ltr'><strong>fortitudinis</strong></span> <span class='ocrx_word' id='word_1_317' title='bbox 959 1497 993 1531; x_wconf 88' lang='lat' dir='ltr'><strong>et</strong></span> <span class='ocrx_word' id='word_1_318' title='bbox 1019 1493 1169 1532; x_wconf 88' lang='lat' dir='ltr'><strong>virtutis.</strong></span> <span class='ocrx_word' id='word_1_319' title='bbox 1223 1493 1452 1541; x_wconf 84' lang='lat' dir='ltr'><strong>Tranquillae</strong></span> <span class='ocrx_word' id='word_1_320' title='bbox 1489 1494 1607 1530; x_wconf 82' lang='lat' dir='ltr'><strong>ovium</strong></span> <span class='ocrx_word' id='word_1_321' title='bbox 1643 1505 1772 1542; x_wconf 84' lang='lat' dir='ltr'><strong>greges</strong></span> <span class='ocrx_word' id='word_1_322' title='bbox 1799 1505 1927 1530; x_wconf 88' lang='lat' dir='ltr'><strong>canum</strong></span> <span class='ocrx_word' id='word_1_323' title='bbox 1956 1498 1991 1530; x_wconf 91' lang='lat' dir='ltr'><strong>et</strong></span> <span class='ocrx_word' id='word_1_324' title='bbox 2017 1499 2199 1542; x_wconf 81' lang='lat' dir='ltr'><strong>pastorum</strong></span> <span class='ocrx_word' id='word_1_325' title='bbox 2227 1505 2329 1542; x_wconf 86' lang='lat' dir='ltr'><strong>prae-</strong></span> 
     </span>
     <span class='ocr_line' id='line_1_29' title="bbox 175 1554 2328 1603; baseline 0 -12"><span class='ocrx_word' id='word_1_326' title='bbox 175 1555 265 1592; x_wconf 90' lang='lat' dir='ltr'><strong>sidio</strong></span> <span class='ocrx_word' id='word_1_327' title='bbox 292 1555 493 1601; x_wconf 85' lang='lat' dir='ltr'><strong>indigentes</strong></span> <span class='ocrx_word' id='word_1_328' title='bbox 519 1557 771 1601; x_wconf 84' lang='lat' dir='ltr'><strong>comparantur</strong></span> <span class='ocrx_word' id='word_1_329' title='bbox 798 1554 983 1591; x_wconf 89' lang='lat' dir='ltr'><strong>militibus.</strong></span> <span class='ocrx_word' id='word_1_330' title='bbox 1036 1554 1159 1601; x_wconf 87' lang='lat' dir='ltr'><strong>Equus</strong></span> <span class='ocrx_word' id='word_1_331' title='bbox 1187 1554 1379 1590; x_wconf 89' lang='lat' dir='ltr'><strong>multarum</strong></span> <span class='ocrx_word' id='word_1_332' title='bbox 1407 1555 1579 1590; x_wconf 89' lang='lat' dir='ltr'><strong>virtutum</strong></span> <span class='ocrx_word' id='word_1_333' title='bbox 1607 1555 1796 1602; x_wconf 86' lang='lat' dir='ltr'><strong>particeps,</strong></span> <span class='ocrx_word' id='word_1_334' title='bbox 1830 1559 1866 1591; x_wconf 88' lang='lat' dir='ltr'><strong>et</strong></span> <span class='ocrx_word' id='word_1_335' title='bbox 1893 1556 1956 1592; x_wconf 90' lang='lat' dir='ltr'><strong>bos</strong></span> <span class='ocrx_word' id='word_1_336' title='bbox 1983 1567 2088 1603; x_wconf 87' lang='lat' dir='ltr'><strong>saepe</strong></span> <span class='ocrx_word' id='word_1_337' title='bbox 2114 1567 2328 1593; x_wconf 90' lang='lat' dir='ltr'><strong>commemo-</strong></span> 
     </span>
     <span class='ocr_line' id='line_1_30' title="bbox 174 1612 2329 1665; baseline 0 -13"><span class='ocrx_word' id='word_1_338' title='bbox 174 1618 311 1653; x_wconf 85' lang='lat' dir='ltr'><strong>rantur.</strong></span> <span class='ocrx_word' id='word_1_339' title='bbox 364 1613 537 1653; x_wconf 85' lang='lat' dir='ltr'><strong>Golumba</strong></span> <span class='ocrx_word' id='word_1_340' title='bbox 563 1613 622 1662; x_wconf 93' lang='grc' dir='ltr'>(ΙΙ.</span> <span class='ocrx_word' id='word_1_341' title='bbox 662 1612 775 1653; x_wconf 86' lang='lat' dir='ltr'>XXII.</span> <span class='ocrx_word' id='word_1_342' title='bbox 823 1612 909 1662; x_wconf 87' lang='lat'>139)</span> <span class='ocrx_word' id='word_1_343' title='bbox 949 1613 1157 1663; x_wconf 87' lang='lat' dir='ltr'><strong>saepissime</strong></span> <span class='ocrx_word' id='word_1_344' title='bbox 1196 1613 1315 1662; x_wconf 87' lang='lat' dir='ltr'><strong>imago</strong></span> <span class='ocrx_word' id='word_1_345' title='bbox 1355 1614 1494 1652; x_wconf 90' lang='lat' dir='ltr'><strong>timoris</strong></span> <span class='ocrx_word' id='word_1_346' title='bbox 1538 1625 1579 1651; x_wconf 88' lang='lat' dir='ltr'><strong>ac</strong></span> <span class='ocrx_word' id='word_1_347' title='bbox 1622 1614 1764 1663; x_wconf 88' lang='lat' dir='ltr'><strong>pavoris</strong></span> <span class='ocrx_word' id='word_1_348' title='bbox 1805 1619 1966 1664; x_wconf 87' lang='lat' dir='ltr'><strong>apparet.</strong></span> <span class='ocrx_word' id='word_1_349' title='bbox 2020 1614 2166 1664; x_wconf 83' lang='lat' dir='ltr'><strong>Ulysses</strong></span> <span class='ocrx_word' id='word_1_350' title='bbox 2212 1616 2329 1665; x_wconf 89' lang='lat' dir='ltr'><strong>procis</strong></span> 
     </span>
     <span class='ocr_line' id='line_1_31' title="bbox 174 1673 2322 1722; baseline 0.001 -12"><span class='ocrx_word' id='word_1_351' title='bbox 174 1674 315 1710; x_wconf 88' lang='lat' dir='ltr'><strong>instans</strong></span> <span class='ocrx_word' id='word_1_352' title='bbox 343 1673 470 1710; x_wconf 89' lang='lat' dir='ltr'><strong>vulturi</strong></span> <span class='ocrx_word' id='word_1_353' title='bbox 498 1677 724 1720; x_wconf 87' lang='lat' dir='ltr'><strong>comparatur</strong></span> <span class='ocrx_word' id='word_1_354' title='bbox 751 1673 833 1720; x_wconf 85' lang='lat' dir='ltr'><strong>(Od.</strong></span> <span class='ocrx_word' id='word_1_355' title='bbox 852 1673 967 1717; x_wconf 85' lang='lat' dir='ltr'>XXII,</span> <span class='ocrx_word' id='word_1_356' title='bbox 997 1674 1084 1720; x_wconf 84' lang='lat'>302)</span> <span class='ocrx_word' id='word_1_357' title='bbox 1114 1684 1195 1710; x_wconf 86' lang='lat' dir='ltr'><strong>aves</strong></span> <span class='ocrx_word' id='word_1_358' title='bbox 1223 1676 1450 1721; x_wconf 83' lang='lat' dir='ltr'><strong>persequenti</strong></span> <span class='ocrx_word' id='word_1_359' title='bbox 1478 1680 1512 1711; x_wconf 92' lang='lat' dir='ltr'><strong>et</strong></span> <span class='ocrx_word' id='word_1_360' title='bbox 1538 1676 1708 1711; x_wconf 87' lang='lat' dir='ltr'><strong>lusciniae</strong></span> <span class='ocrx_word' id='word_1_361' title='bbox 1726 1687 1868 1722; x_wconf 91' lang='lat' dir='ltr'><strong>quoque</strong></span> <span class='ocrx_word' id='word_1_362' title='bbox 1894 1677 2006 1712; x_wconf 87' lang='lat' dir='ltr'><strong>tristis</strong></span> <span class='ocrx_word' id='word_1_363' title='bbox 2033 1680 2158 1712; x_wconf 86' lang='lat' dir='ltr'><strong>cantus</strong></span> <span class='ocrx_word' id='word_1_364' title='bbox 2186 1677 2322 1712; x_wconf 89' lang='lat' dir='ltr'><strong>mentio</strong></span> 
     </span>
     <span class='ocr_line' id='line_1_32' title="bbox 173 1732 2326 1783; baseline -0 -11"><span class='ocrx_word' id='word_1_365' title='bbox 173 1735 225 1772; x_wconf 87' lang='lat' dir='ltr'><strong>fit.</strong></span> <span class='ocrx_word' id='word_1_366' title='bbox 253 1733 335 1782; x_wconf 84' lang='lat' dir='ltr'><strong>(Od.</strong></span> <span class='ocrx_word' id='word_1_367' title='bbox 362 1733 459 1771; x_wconf 90' lang='lat' dir='ltr'>XIX.</span> <span class='ocrx_word' id='word_1_368' title='bbox 487 1733 577 1782; x_wconf 88' lang='lat'>518)</span> <span class='ocrx_word' id='word_1_369' title='bbox 605 1733 674 1772; x_wconf 89' lang='lat' dir='ltr'><strong>Sed</strong></span> <span class='ocrx_word' id='word_1_370' title='bbox 702 1745 775 1771; x_wconf 91' lang='lat' dir='ltr'><strong>non</strong></span> <span class='ocrx_word' id='word_1_371' title='bbox 803 1732 917 1772; x_wconf 88' lang='lat' dir='ltr'><strong>solum</strong></span> <span class='ocrx_word' id='word_1_372' title='bbox 945 1732 1005 1771; x_wconf 91' lang='lat' dir='ltr'><strong>illa</strong></span> <span class='ocrx_word' id='word_1_373' title='bbox 1033 1744 1164 1783; x_wconf 88' lang='lat' dir='ltr'><strong>magna</strong></span> <span class='ocrx_word' id='word_1_374' title='bbox 1190 1732 1357 1771; x_wconf 88' lang='lat' dir='ltr'><strong>animalia</strong></span> <span class='ocrx_word' id='word_1_375' title='bbox 1380 1733 1441 1772; x_wconf 91' lang='lat' dir='ltr'><strong>sed</strong></span> <span class='ocrx_word' id='word_1_376' title='bbox 1468 1733 1575 1772; x_wconf 90' lang='lat' dir='ltr'><strong>etiam</strong></span> <span class='ocrx_word' id='word_1_377' title='bbox 1603 1745 1713 1783; x_wconf 87' lang='lat' dir='ltr'><strong>parva</strong></span> <span class='ocrx_word' id='word_1_378' title='bbox 1739 1737 1775 1771; x_wconf 90' lang='lat' dir='ltr'><strong>et</strong></span> <span class='ocrx_word' id='word_1_379' title='bbox 1801 1734 1931 1783; x_wconf 86' lang='lat' dir='ltr'><strong>exigua</strong></span> <span class='ocrx_word' id='word_1_380' title='bbox 1958 1734 2132 1771; x_wconf 89' lang='lat' dir='ltr'><strong>Homerus</strong></span> <span class='ocrx_word' id='word_1_381' title='bbox 2161 1735 2326 1771; x_wconf 89' lang='lat' dir='ltr'><strong>animad—</strong></span> 
     </span>
     <span class='ocr_line' id='line_1_33' title="bbox 173 1790 2326 1842; baseline 0 -11"><span class='ocrx_word' id='word_1_382' title='bbox 173 1795 277 1831; x_wconf 88' lang='lat' dir='ltr'><strong>vertit</strong></span> <span class='ocrx_word' id='word_1_383' title='bbox 320 1798 355 1830; x_wconf 90' lang='lat' dir='ltr'><strong>et</strong></span> <span class='ocrx_word' id='word_1_384' title='bbox 397 1795 573 1831; x_wconf 83' lang='lat' dir='ltr'><strong>describit.</strong></span> <span class='ocrx_word' id='word_1_385' title='bbox 626 1794 767 1830; x_wconf 91' lang='lat' dir='ltr'><strong>Vermis</strong></span> <span class='ocrx_word' id='word_1_386' title='bbox 812 1795 844 1829; x_wconf 92' lang='lat' dir='ltr'><strong>ei</strong></span> <span class='ocrx_word' id='word_1_387' title='bbox 889 1795 927 1829; x_wconf 91' lang='lat' dir='ltr'><strong>in</strong></span> <span class='ocrx_word' id='word_1_388' title='bbox 954 1798 1109 1830; x_wconf 90' lang='lat' dir='ltr'><strong>mentem</strong></span> <span class='ocrx_word' id='word_1_389' title='bbox 1137 1794 1232 1829; x_wconf 86' lang='lat' dir='ltr'><strong>venit</strong></span> <span class='ocrx_word' id='word_1_390' title='bbox 1259 1790 1359 1830; x_wconf 85' lang='lat' dir='ltr'><strong>humi</strong></span> <span class='ocrx_word' id='word_1_391' title='bbox 1398 1795 1554 1840; x_wconf 88' lang='lat' dir='ltr'><strong>repentis</strong></span> <span class='ocrx_word' id='word_1_392' title='bbox 1581 1795 1640 1840; x_wconf 94' lang='grc' dir='ltr'>(ΙΙ.</span> <span class='ocrx_word' id='word_1_393' title='bbox 1668 1795 1765 1838; x_wconf 87' lang='lat' dir='ltr'>XIII,</span> <span class='ocrx_word' id='word_1_394' title='bbox 1794 1795 1885 1841; x_wconf 76' lang='lat'>654)</span> <span class='ocrx_word' id='word_1_395' title='bbox 1926 1799 1961 1831; x_wconf 86' lang='lat' dir='ltr'><strong>et</strong></span> <span class='ocrx_word' id='word_1_396' title='bbox 1988 1795 2184 1842; x_wconf 85' lang='lat' dir='ltr'><strong>polypodis,</strong></span> <span class='ocrx_word' id='word_1_397' title='bbox 2226 1796 2326 1842; x_wconf 86' lang='lat' dir='ltr'><strong>cujus</strong></span> 
     </span>
     <span class='ocr_line' id='line_1_34' title="bbox 172 1853 2328 1905; baseline 0 -13"><span class='ocrx_word' id='word_1_398' title='bbox 172 1856 212 1893; x_wconf 94' lang='lat' dir='ltr'><strong>in</strong></span> <span class='ocrx_word' id='word_1_399' title='bbox 237 1856 386 1904; x_wconf 89' lang='lat' dir='ltr'><strong>pedibus</strong></span> <span class='ocrx_word' id='word_1_400' title='bbox 411 1856 507 1893; x_wconf 88' lang='lat' dir='ltr'><strong>cavis</strong></span> <span class='ocrx_word' id='word_1_401' title='bbox 533 1861 569 1892; x_wconf 88' lang='lat' dir='ltr'><strong>et</strong></span> <span class='ocrx_word' id='word_1_402' title='bbox 594 1855 786 1893; x_wconf 82' lang='lat' dir='ltr'><strong>contractis</strong></span> <span class='ocrx_word' id='word_1_403' title='bbox 823 1853 959 1903; x_wconf 88' lang='lat' dir='ltr'><strong>lapides</strong></span> <span class='ocrx_word' id='word_1_404' title='bbox 1000 1854 1099 1903; x_wconf 82' lang='lat' dir='ltr'><strong>parvi</strong></span> <span class='ocrx_word' id='word_1_405' title='bbox 1144 1853 1347 1902; x_wconf 88' lang='lat' dir='ltr'><strong>frequentes</strong></span> <span class='ocrx_word' id='word_1_406' title='bbox 1391 1853 1554 1893; x_wconf 91' lang='lat' dir='ltr'><strong>videntur</strong></span> <span class='ocrx_word' id='word_1_407' title='bbox 1580 1853 1663 1904; x_wconf 76' lang='lat' dir='ltr'><strong>(sld.</strong></span> <span class='ocrx_word' id='word_1_408' title='bbox 1691 1853 1732 1900; x_wconf 89' lang='lat' dir='ltr'><strong>V,</strong></span> <span class='ocrx_word' id='word_1_409' title='bbox 1761 1853 1851 1905; x_wconf 83' lang='lat'>432)</span> <span class='ocrx_word' id='word_1_410' title='bbox 1896 1858 1930 1892; x_wconf 92' lang='lat' dir='ltr'><strong>et</strong></span> <span class='ocrx_word' id='word_1_411' title='bbox 1956 1854 2153 1893; x_wconf 88' lang='lat' dir='ltr'><strong>teredinum</strong></span> <span class='ocrx_word' id='word_1_412' title='bbox 2198 1865 2328 1905; x_wconf 87' lang='lat' dir='ltr'><strong>corpus</strong></span> 
     </span>
     <span class='ocr_line' id='line_1_35' title="bbox 170 1914 2328 1963; baseline -0.001 -9"><span class='ocrx_word' id='word_1_413' title='bbox 170 1915 370 1954; x_wconf 81' lang='lat' dir='ltr'><strong>humanum</strong></span> <span class='ocrx_word' id='word_1_414' title='bbox 398 1915 657 1953; x_wconf 83' lang='lat' dir='ltr'><strong>comedentium</strong></span> <span class='ocrx_word' id='word_1_415' title='bbox 684 1914 742 1963; x_wconf 86' lang='grc' dir='ltr'>(ΙΙ.</span> <span class='ocrx_word' id='word_1_416' title='bbox 770 1914 867 1958; x_wconf 87' lang='lat' dir='ltr'>XIX,</span> <span class='ocrx_word' id='word_1_417' title='bbox 895 1915 964 1963; x_wconf 70' lang='lat'><strong>253</strong></span> <span class='ocrx_word' id='word_1_418' title='bbox 999 1914 1112 1957; x_wconf 88' lang='lat' dir='ltr'>XXII,</span> <span class='ocrx_word' id='word_1_419' title='bbox 1140 1915 1231 1959; x_wconf 74' lang='lat'>509,</span> <span class='ocrx_word' id='word_1_420' title='bbox 1260 1914 1388 1956; x_wconf 85' lang='lat' dir='ltr'>XXIV,</span> <span class='ocrx_word' id='word_1_421' title='bbox 1416 1916 1518 1962; x_wconf 83' lang='lat'><strong>414).</strong></span> <span class='ocrx_word' id='word_1_422' title='bbox 1574 1916 1627 1951; x_wconf 95' lang='lat' dir='ltr'><strong>De</strong></span> <span class='ocrx_word' id='word_1_423' title='bbox 1667 1917 1804 1963; x_wconf 87' lang='lat' dir='ltr'><strong>apibus,</strong></span> <span class='ocrx_word' id='word_1_424' title='bbox 1848 1917 1974 1962; x_wconf 85' lang='lat' dir='ltr'><strong>vespis,</strong></span> <span class='ocrx_word' id='word_1_425' title='bbox 2015 1916 2158 1952; x_wconf 88' lang='lat' dir='ltr'><strong>locustis</strong></span> <span class='ocrx_word' id='word_1_426' title='bbox 2186 1917 2328 1963; x_wconf 84' lang='lat' dir='ltr'><strong>saepius</strong></span> 
     </span>
     <span class='ocr_line' id='line_1_36' title="bbox 172 1976 2326 2025; baseline 0.001 -11"><span class='ocrx_word' id='word_1_427' title='bbox 172 1979 301 2015; x_wconf 85' lang='lat' dir='ltr'><strong>dieitur</strong></span> <span class='ocrx_word' id='word_1_428' title='bbox 326 1989 518 2024; x_wconf 89' lang='lat' dir='ltr'><strong>earumque</strong></span> <span class='ocrx_word' id='word_1_429' title='bbox 545 1981 673 2014; x_wconf 88' lang='lat' dir='ltr'><strong>natura</strong></span> <span class='ocrx_word' id='word_1_430' title='bbox 699 1977 919 2014; x_wconf 87' lang='lat' dir='ltr'><strong>describitur.</strong></span> <span class='ocrx_word' id='word_1_431' title='bbox 974 1976 1090 2012; x_wconf 90' lang='lat' dir='ltr'><strong>Veluti</strong></span> <span class='ocrx_word' id='word_1_432' title='bbox 1118 1987 1319 2013; x_wconf 84' lang='lat' dir='ltr'><strong>muscarum</strong></span> <span class='ocrx_word' id='word_1_433' title='bbox 1359 1976 1599 2023; x_wconf 83' lang='lat' dir='ltr'><strong>frequentium</strong></span> <span class='ocrx_word' id='word_1_434' title='bbox 1627 1980 1753 2024; x_wconf 88' lang='lat' dir='ltr'><strong>gentes</strong></span> <span class='ocrx_word' id='word_1_435' title='bbox 1794 1976 1935 2021; x_wconf 88' lang='lat' dir='ltr'><strong>multae,</strong></span> <span class='ocrx_word' id='word_1_436' title='bbox 1977 1988 2067 2024; x_wconf 84' lang='lat' dir='ltr'><strong>quae</strong></span> <span class='ocrx_word' id='word_1_437' title='bbox 2107 1988 2170 2025; x_wconf 89' lang='lat' dir='ltr'><strong>per</strong></span> <span class='ocrx_word' id='word_1_438' title='bbox 2210 1980 2326 2016; x_wconf 88' lang='lat' dir='ltr'><strong>crates</strong></span> 
     </span>
     <span class='ocr_line' id='line_1_37' title="bbox 168 2034 2328 2088; baseline -0.001 -11"><span class='ocrx_word' id='word_1_439' title='bbox 168 2037 363 2088; x_wconf 86' lang='lat' dir='ltr'><strong>pastorales</strong></span> <span class='ocrx_word' id='word_1_440' title='bbox 402 2040 532 2082; x_wconf 88' lang='lat' dir='ltr'><strong>errant,</strong></span> <span class='ocrx_word' id='word_1_441' title='bbox 562 2039 719 2086; x_wconf 89' lang='lat' dir='ltr'><strong>tempore</strong></span> <span class='ocrx_word' id='word_1_442' title='bbox 746 2046 866 2080; x_wconf 88' lang='lat' dir='ltr'><strong>verno,</strong></span> <span class='ocrx_word' id='word_1_443' title='bbox 896 2035 1038 2084; x_wconf 89' lang='lat' dir='ltr'><strong>quando</strong></span> <span class='ocrx_word' id='word_1_444' title='bbox 1076 2034 1130 2072; x_wconf 88' lang='lat' dir='ltr'><strong>lac</strong></span> <span class='ocrx_word' id='word_1_445' title='bbox 1157 2046 1241 2072; x_wconf 81' lang='lat' dir='ltr'><strong>vasa</strong></span> <span class='ocrx_word' id='word_1_446' title='bbox 1268 2035 1371 2083; x_wconf 85' lang='lat' dir='ltr'><strong>rigat,</strong></span> <span class='ocrx_word' id='word_1_447' title='bbox 1400 2039 1449 2072; x_wconf 90' lang='lat' dir='ltr'><strong>tot</strong></span> <span class='ocrx_word' id='word_1_448' title='bbox 1471 2039 1595 2072; x_wconf 79' lang='lat' dir='ltr'><strong>eontra</strong></span> <span class='ocrx_word' id='word_1_449' title='bbox 1611 2036 1783 2083; x_wconf 87' lang='lat' dir='ltr'><strong>Trojanos</strong></span> <span class='ocrx_word' id='word_1_450' title='bbox 1797 2036 1924 2072; x_wconf 85' lang='lat' dir='ltr'><strong>Achivi</strong></span> <span class='ocrx_word' id='word_1_451' title='bbox 1951 2037 1989 2072; x_wconf 91' lang='lat' dir='ltr'><strong>in</strong></span> <span class='ocrx_word' id='word_1_452' title='bbox 2015 2037 2151 2084; x_wconf 84' lang='lat' dir='ltr'><strong>eampis</strong></span> <span class='ocrx_word' id='word_1_453' title='bbox 2180 2039 2328 2074; x_wconf 87' lang='lat' dir='ltr'><strong>stabant</strong></span> 
     </span>
     <span class='ocr_line' id='line_1_38' title="bbox 172 2096 2333 2148; baseline 0 -13"><span class='ocrx_word' id='word_1_454' title='bbox 172 2098 230 2148; x_wconf 90' lang='lat' dir='ltr'><strong>(Il.</strong></span> <span class='ocrx_word' id='word_1_455' title='bbox 260 2099 305 2143; x_wconf 95' lang='lat' dir='ltr'><strong>II,</strong></span> <span class='ocrx_word' id='word_1_456' title='bbox 333 2098 416 2137; x_wconf 81' lang='lat'><strong>469.</strong></span> <span class='ocrx_word' id='word_1_457' title='bbox 445 2098 540 2142; x_wconf 88' lang='lat' dir='ltr'>XVI,</span> <span class='ocrx_word' id='word_1_458' title='bbox 569 2098 678 2145; x_wconf 80' lang='lat'>641);</span> <span class='ocrx_word' id='word_1_459' title='bbox 716 2108 797 2133; x_wconf 86' lang='lat' dir='ltr'><strong>cum</strong></span> <span class='ocrx_word' id='word_1_460' title='bbox 828 2097 993 2134; x_wconf 89' lang='lat' dir='ltr'><strong>Minerva</strong></span> <span class='ocrx_word' id='word_1_461' title='bbox 1020 2096 1223 2133; x_wconf 83' lang='lat' dir='ltr'><strong>Menelaum</strong></span> <span class='ocrx_word' id='word_1_462' title='bbox 1253 2096 1400 2132; x_wconf 77' lang='lat' dir='ltr'><strong>audacia</strong></span> <span class='ocrx_word' id='word_1_463' title='bbox 1426 2097 1604 2139; x_wconf 88' lang='lat' dir='ltr'><strong>imbuerit,</strong></span> <span class='ocrx_word' id='word_1_464' title='bbox 1640 2097 1748 2133; x_wconf 84' lang='lat' dir='ltr'><strong>etiam</strong></span> <span class='ocrx_word' id='word_1_465' title='bbox 1782 2108 1983 2134; x_wconf 90' lang='lat' dir='ltr'><strong>muscarum</strong></span> <span class='ocrx_word' id='word_1_466' title='bbox 2023 2097 2193 2135; x_wconf 87' lang='lat' dir='ltr'><strong>fortitudo</strong></span> <span class='ocrx_word' id='word_1_467' title='bbox 2228 2110 2333 2146; x_wconf 83' lang='lat' dir='ltr'><strong>prae-</strong></span> 
     </span>
     <span class='ocr_line' id='line_1_39' title="bbox 176 2156 2331 2209; baseline -0.001 -12"><span class='ocrx_word' id='word_1_468' title='bbox 176 2160 313 2197; x_wconf 86' lang='lat' dir='ltr'><strong>dicatur</strong></span> <span class='ocrx_word' id='word_1_469' title='bbox 339 2158 396 2209; x_wconf 93' lang='grc' dir='ltr'>(ΙΙ.</span> <span class='ocrx_word' id='word_1_470' title='bbox 424 2158 537 2203; x_wconf 85' lang='lat' dir='ltr'>XVII,</span> <span class='ocrx_word' id='word_1_471' title='bbox 565 2158 666 2207; x_wconf 91' lang='lat'>570),</span> <span class='ocrx_word' id='word_1_472' title='bbox 707 2157 1062 2204; x_wconf 80' lang='lat' dir='ltr'><strong>praeclarissimaque</strong></span> <span class='ocrx_word' id='word_1_473' title='bbox 1100 2157 1258 2204; x_wconf 82' lang='lat' dir='ltr'><strong>imagine</strong></span> <span class='ocrx_word' id='word_1_474' title='bbox 1294 2160 1407 2194; x_wconf 91' lang='lat' dir='ltr'><strong>mater</strong></span> <span class='ocrx_word' id='word_1_475' title='bbox 1433 2167 1575 2194; x_wconf 83' lang='lat' dir='ltr'><strong>muscas</strong></span> <span class='ocrx_word' id='word_1_476' title='bbox 1616 2157 1661 2193; x_wconf 85' lang='lat' dir='ltr'><strong>ab</strong></span> <span class='ocrx_word' id='word_1_477' title='bbox 1700 2157 1838 2194; x_wconf 83' lang='lat' dir='ltr'><strong>infante</strong></span> <span class='ocrx_word' id='word_1_478' title='bbox 1876 2156 2069 2194; x_wconf 81' lang='lat' dir='ltr'><strong>defendens</strong></span> <span class='ocrx_word' id='word_1_479' title='bbox 2113 2158 2331 2206; x_wconf 85' lang='lat' dir='ltr'><strong>depingitur.</strong></span> 
     </span>
     <span class='ocr_line' id='line_1_40' title="bbox 176 2217 2332 2268; baseline 0 -12"><span class='ocrx_word' id='word_1_480' title='bbox 176 2218 275 2256; x_wconf 91' lang='lat' dir='ltr'><strong>Sicut</strong></span> <span class='ocrx_word' id='word_1_481' title='bbox 300 2223 425 2268; x_wconf 87' lang='lat' dir='ltr'><strong>gentes</strong></span> <span class='ocrx_word' id='word_1_482' title='bbox 451 2223 538 2255; x_wconf 90' lang='lat' dir='ltr'><strong>eunt</strong></span> <span class='ocrx_word' id='word_1_483' title='bbox 564 2230 671 2266; x_wconf 82' lang='lat' dir='ltr'><strong>apum</strong></span> <span class='ocrx_word' id='word_1_484' title='bbox 697 2218 937 2254; x_wconf 85' lang='lat' dir='ltr'><strong>consertarum</strong></span> <span class='ocrx_word' id='word_1_485' title='bbox 965 2222 999 2253; x_wconf 89' lang='lat' dir='ltr'><strong>et</strong></span> <span class='ocrx_word' id='word_1_486' title='bbox 1025 2218 1064 2253; x_wconf 92' lang='lat' dir='ltr'><strong>in</strong></span> <span class='ocrx_word' id='word_1_487' title='bbox 1092 2217 1234 2253; x_wconf 90' lang='lat' dir='ltr'><strong>modum</strong></span> <span class='ocrx_word' id='word_1_488' title='bbox 1262 2218 1391 2253; x_wconf 88' lang='lat' dir='ltr'><strong>racemi</strong></span> <span class='ocrx_word' id='word_1_489' title='bbox 1420 2217 1540 2253; x_wconf 88' lang='lat' dir='ltr'><strong>volant</strong></span> <span class='ocrx_word' id='word_1_490' title='bbox 1566 2229 1674 2265; x_wconf 89' lang='lat' dir='ltr'><strong>super</strong></span> <span class='ocrx_word' id='word_1_491' title='bbox 1713 2218 1858 2254; x_wconf 91' lang='lat' dir='ltr'><strong>floribus</strong></span> <span class='ocrx_word' id='word_1_492' title='bbox 1885 2220 2014 2261; x_wconf 91' lang='lat' dir='ltr'><strong>vernis,</strong></span> <span class='ocrx_word' id='word_1_493' title='bbox 2055 2219 2106 2255; x_wconf 86' lang='lat' dir='ltr'><strong>sic</strong></span> <span class='ocrx_word' id='word_1_494' title='bbox 2134 2218 2262 2256; x_wconf 87' lang='lat' dir='ltr'><strong>Achivi</strong></span> <span class='ocrx_word' id='word_1_495' title='bbox 2292 2230 2332 2256; x_wconf 90' lang='lat' dir='ltr'><strong>se</strong></span> 
     </span>
     <span class='ocr_line' id='line_1_41' title="bbox 175 2276 2327 2328; baseline -0.001 -9"><span class='ocrx_word' id='word_1_496' title='bbox 175 2282 364 2319; x_wconf 85' lang='lat' dir='ltr'><strong>conferunt</strong></span> <span class='ocrx_word' id='word_1_497' title='bbox 389 2282 428 2318; x_wconf 91' lang='lat' dir='ltr'><strong>in</strong></span> <span class='ocrx_word' id='word_1_498' title='bbox 453 2280 657 2318; x_wconf 83' lang='lat' dir='ltr'><strong>contionem</strong></span> <span class='ocrx_word' id='word_1_499' title='bbox 684 2279 741 2328; x_wconf 91' lang='grc' dir='ltr'>(ΙΙ.</span> <span class='ocrx_word' id='word_1_500' title='bbox 770 2278 815 2324; x_wconf 91' lang='grc' dir='ltr'><strong>ΙΙ,</strong></span> <span class='ocrx_word' id='word_1_501' title='bbox 843 2277 921 2327; x_wconf 90' lang='lat'>87).</span> <span class='ocrx_word' id='word_1_502' title='bbox 949 2277 1087 2327; x_wconf 87' lang='lat' dir='ltr'><strong>Vespae</strong></span> <span class='ocrx_word' id='word_1_503' title='bbox 1115 2280 1243 2322; x_wconf 90' lang='lat' dir='ltr'><strong>autem,</strong></span> <span class='ocrx_word' id='word_1_504' title='bbox 1271 2276 1411 2326; x_wconf 90' lang='lat' dir='ltr'><strong>saepius</strong></span> <span class='ocrx_word' id='word_1_505' title='bbox 1439 2280 1605 2326; x_wconf 87' lang='lat' dir='ltr'><strong>pugnant</strong></span> <span class='ocrx_word' id='word_1_506' title='bbox 1630 2288 1710 2315; x_wconf 86' lang='lat' dir='ltr'><strong>eum</strong></span> <span class='ocrx_word' id='word_1_507' title='bbox 1739 2277 1856 2326; x_wconf 89' lang='lat' dir='ltr'><strong>pueris</strong></span> <span class='ocrx_word' id='word_1_508' title='bbox 1883 2279 1944 2316; x_wconf 84' lang='lat' dir='ltr'><strong>aut</strong></span> <span class='ocrx_word' id='word_1_509' title='bbox 1962 2277 2169 2316; x_wconf 87' lang='lat' dir='ltr'><strong>viatoribus.</strong></span> <span class='ocrx_word' id='word_1_510' title='bbox 2211 2278 2327 2326; x_wconf 86' lang='lat' dir='ltr'><strong>Quam</strong></span> 
     </span>
     <span class='ocr_line' id='line_1_42' title="bbox 174 2339 2330 2388; baseline -0.001 -9"><span class='ocrx_word' id='word_1_511' title='bbox 174 2345 335 2380; x_wconf 84' lang='lat' dir='ltr'><strong>accurate</strong></span> <span class='ocrx_word' id='word_1_512' title='bbox 362 2352 444 2379; x_wconf 92' lang='lat' dir='ltr'><strong>vero</strong></span> <span class='ocrx_word' id='word_1_513' title='bbox 469 2341 646 2378; x_wconf 90' lang='lat' dir='ltr'><strong>Homerus</strong></span> <span class='ocrx_word' id='word_1_514' title='bbox 673 2343 838 2377; x_wconf 85' lang='lat' dir='ltr'><strong>naturam</strong></span> <span class='ocrx_word' id='word_1_515' title='bbox 883 2339 1111 2387; x_wconf 84' lang='lat' dir='ltr'><strong>perspexerit,</strong></span> <span class='ocrx_word' id='word_1_516' title='bbox 1154 2339 1271 2386; x_wconf 85' lang='lat' dir='ltr'><strong>colligi</strong></span> <span class='ocrx_word' id='word_1_517' title='bbox 1298 2342 1414 2385; x_wconf 89' lang='lat' dir='ltr'><strong>potest</strong></span> <span class='ocrx_word' id='word_1_518' title='bbox 1452 2350 1494 2374; x_wconf 86' lang='lat' dir='ltr'><strong>ex</strong></span> <span class='ocrx_word' id='word_1_519' title='bbox 1522 2339 1562 2374; x_wconf 93' lang='lat' dir='ltr'><strong>Il.</strong></span> <span class='ocrx_word' id='word_1_520' title='bbox 1591 2339 1724 2382; x_wconf 87' lang='lat' dir='ltr'>XXIII,</span> <span class='ocrx_word' id='word_1_521' title='bbox 1766 2340 1839 2376; x_wconf 83' lang='grc'><strong>692</strong></span> <span class='ocrx_word' id='word_1_522' title='bbox 1881 2339 1959 2386; x_wconf 81' lang='lat' dir='ltr'><strong>(cfr.</strong></span> <span class='ocrx_word' id='word_1_523' title='bbox 1988 2339 2053 2376; x_wconf 92' lang='lat' dir='ltr'><strong>Od.</strong></span> <span class='ocrx_word' id='word_1_524' title='bbox 2082 2339 2198 2383; x_wconf 90' lang='lat' dir='ltr'>XXII,</span> <span class='ocrx_word' id='word_1_525' title='bbox 2226 2340 2330 2388; x_wconf 78' lang='lat'>384),</span> 
     </span>
     <span class='ocr_line' id='line_1_43' title="bbox 173 2398 2330 2451; baseline -0.001 -10"><span class='ocrx_word' id='word_1_526' title='bbox 173 2404 234 2441; x_wconf 89' lang='lat' dir='ltr'><strong>ubi</strong></span> <span class='ocrx_word' id='word_1_527' title='bbox 260 2403 366 2451; x_wconf 90' lang='lat' dir='ltr'><strong>piscis</strong></span> <span class='ocrx_word' id='word_1_528' title='bbox 393 2402 603 2439; x_wconf 89' lang='lat' dir='ltr'><strong>describitur</strong></span> <span class='ocrx_word' id='word_1_529' title='bbox 629 2401 666 2438; x_wconf 93' lang='lat' dir='ltr'><strong>in</strong></span> <span class='ocrx_word' id='word_1_530' title='bbox 694 2400 794 2438; x_wconf 89' lang='lat' dir='ltr'><strong>litore</strong></span> <span class='ocrx_word' id='word_1_531' title='bbox 821 2399 1003 2438; x_wconf 86' lang='lat' dir='ltr'><strong>exsultans</strong></span> <span class='ocrx_word' id='word_1_532' title='bbox 1029 2400 1104 2437; x_wconf 90' lang='lat' dir='ltr'><strong>sive</strong></span> <span class='ocrx_word' id='word_1_533' title='bbox 1131 2399 1169 2437; x_wconf 91' lang='lat' dir='ltr'><strong>in</strong></span> <span class='ocrx_word' id='word_1_534' title='bbox 1195 2399 1260 2436; x_wconf 91' lang='lat' dir='ltr'><strong>reti</strong></span> <span class='ocrx_word' id='word_1_535' title='bbox 1288 2402 1412 2447; x_wconf 83' lang='lat' dir='ltr'><strong>captus</strong></span> <span class='ocrx_word' id='word_1_536' title='bbox 1439 2404 1473 2436; x_wconf 90' lang='lat' dir='ltr'><strong>et</strong></span> <span class='ocrx_word' id='word_1_537' title='bbox 1500 2398 1572 2436; x_wconf 88' lang='lat' dir='ltr'><strong>sole</strong></span> <span class='ocrx_word' id='word_1_538' title='bbox 1592 2399 1664 2437; x_wconf 89' lang='lat' dir='ltr'><strong>vita</strong></span> <span class='ocrx_word' id='word_1_539' title='bbox 1691 2399 1859 2448; x_wconf 88' lang='lat' dir='ltr'><strong>privatus.</strong></span> <span class='ocrx_word' id='word_1_540' title='bbox 1905 2400 2069 2438; x_wconf 87' lang='lat' dir='ltr'><strong>Proceres</strong></span> <span class='ocrx_word' id='word_1_541' title='bbox 2089 2399 2330 2449; x_wconf 88' lang='lat' dir='ltr'><strong>Trojanorum</strong></span> 
     </span>
     <span class='ocr_line' id='line_1_44' title="bbox 175 2459 2331 2509; baseline -0 -9"><span class='ocrx_word' id='word_1_542' title='bbox 175 2465 294 2500; x_wconf 89' lang='lat' dir='ltr'><strong>autem</strong></span> <span class='ocrx_word' id='word_1_543' title='bbox 321 2462 359 2499; x_wconf 91' lang='lat' dir='ltr'><strong>in</strong></span> <span class='ocrx_word' id='word_1_544' title='bbox 387 2461 505 2498; x_wconf 89' lang='lat' dir='ltr'><strong>Scaeis</strong></span> <span class='ocrx_word' id='word_1_545' title='bbox 531 2461 641 2509; x_wconf 89' lang='lat' dir='ltr'><strong>portis</strong></span> <span class='ocrx_word' id='word_1_546' title='bbox 667 2460 802 2503; x_wconf 89' lang='lat' dir='ltr'><strong>sedent,</strong></span> <span class='ocrx_word' id='word_1_547' title='bbox 830 2460 1032 2496; x_wconf 84' lang='lat' dir='ltr'><strong>cicadarum</strong></span> <span class='ocrx_word' id='word_1_548' title='bbox 1059 2459 1202 2500; x_wconf 80' lang='lat' dir='ltr'><strong>similes,</strong></span> <span class='ocrx_word' id='word_1_549' title='bbox 1230 2470 1321 2505; x_wconf 88' lang='lat' dir='ltr'><strong>quae</strong></span> <span class='ocrx_word' id='word_1_550' title='bbox 1347 2460 1386 2495; x_wconf 91' lang='lat' dir='ltr'><strong>in</strong></span> <span class='ocrx_word' id='word_1_551' title='bbox 1411 2459 1509 2495; x_wconf 89' lang='lat' dir='ltr'><strong>silvis</strong></span> <span class='ocrx_word' id='word_1_552' title='bbox 1537 2470 1658 2495; x_wconf 90' lang='lat' dir='ltr'><strong>vocem</strong></span> <span class='ocrx_word' id='word_1_553' title='bbox 1690 2461 1858 2496; x_wconf 89' lang='lat' dir='ltr'><strong>emittunt</strong></span> <span class='ocrx_word' id='word_1_554' title='bbox 1883 2471 2030 2496; x_wconf 90' lang='lat' dir='ltr'><strong>suavem</strong></span> <span class='ocrx_word' id='word_1_555' title='bbox 2058 2461 2115 2508; x_wconf 94' lang='lat' dir='ltr'><strong>(Il.</strong></span> <span class='ocrx_word' id='word_1_556' title='bbox 2145 2461 2199 2497; x_wconf 87' lang='lat'><strong>111</strong></span> <span class='ocrx_word' id='word_1_557' title='bbox 2229 2463 2331 2509; x_wconf 88' lang='grc'><strong>150).</strong></span> 
     </span>
    </p>
   </div>
   <div class='ocr_carea' id='block_1_14' title="bbox 175 2578 2333 2939">
    <p class='ocr_par' dir='ltr' id='par_1_14' title="bbox 175 2578 2333 2939">
     <span class='ocr_line' id='line_1_45' title="bbox 327 2578 2330 2629; baseline 0 -11"><span class='ocrx_word' id='word_1_558' title='bbox 327 2582 550 2629; x_wconf 85' lang='lat' dir='ltr'><strong>Quamquam</strong></span> <span class='ocrx_word' id='word_1_559' title='bbox 578 2579 744 2617; x_wconf 89' lang='lat' dir='ltr'><strong>omnibus</strong></span> <span class='ocrx_word' id='word_1_560' title='bbox 771 2579 821 2616; x_wconf 89' lang='lat' dir='ltr'><strong>eis</strong></span> <span class='ocrx_word' id='word_1_561' title='bbox 849 2579 1029 2627; x_wconf 83' lang='lat' dir='ltr'><strong>exemplis,</strong></span> <span class='ocrx_word' id='word_1_562' title='bbox 1058 2589 1148 2626; x_wconf 87' lang='lat' dir='ltr'><strong>quae</strong></span> <span class='ocrx_word' id='word_1_563' title='bbox 1176 2590 1196 2614; x_wconf 82' lang='lat' dir='ltr'><strong>a</strong></span> <span class='ocrx_word' id='word_1_564' title='bbox 1222 2578 1324 2615; x_wconf 90' lang='lat' dir='ltr'><strong>nobis</strong></span> <span class='ocrx_word' id='word_1_565' title='bbox 1351 2584 1560 2614; x_wconf 87' lang='lat' dir='ltr'><strong>enumerata</strong></span> <span class='ocrx_word' id='word_1_566' title='bbox 1586 2582 1680 2622; x_wconf 88' lang='lat' dir='ltr'><strong>sunt,</strong></span> <span class='ocrx_word' id='word_1_567' title='bbox 1709 2580 1786 2615; x_wconf 92' lang='lat' dir='ltr'><strong>sine</strong></span> <span class='ocrx_word' id='word_1_568' title='bbox 1804 2579 1910 2615; x_wconf 93' lang='lat' dir='ltr'><strong>dubio</strong></span> <span class='ocrx_word' id='word_1_569' title='bbox 1927 2581 2189 2627; x_wconf 87' lang='lat' dir='ltr'><strong>comprobatur,</strong></span> <span class='ocrx_word' id='word_1_570' title='bbox 2219 2593 2330 2628; x_wconf 91' lang='lat' dir='ltr'><strong>quam</strong></span> 
     </span>
     <span class='ocr_line' id='line_1_46' title="bbox 176 2638 2333 2687; baseline 0 -9"><span class='ocrx_word' id='word_1_571' title='bbox 176 2645 339 2678; x_wconf 87' lang='lat' dir='ltr'><strong>accurate</strong></span> <span class='ocrx_word' id='word_1_572' title='bbox 366 2641 542 2678; x_wconf 88' lang='lat' dir='ltr'><strong>Homerus</strong></span> <span class='ocrx_word' id='word_1_573' title='bbox 568 2646 735 2677; x_wconf 85' lang='lat' dir='ltr'><strong>naturam</strong></span> <span class='ocrx_word' id='word_1_574' title='bbox 762 2639 988 2687; x_wconf 90' lang='lat' dir='ltr'><strong>perspexerit,</strong></span> <span class='ocrx_word' id='word_1_575' title='bbox 1033 2643 1154 2675; x_wconf 89' lang='lat' dir='ltr'><strong>tamen</strong></span> <span class='ocrx_word' id='word_1_576' title='bbox 1180 2638 1311 2685; x_wconf 87' lang='lat' dir='ltr'><strong>ubique</strong></span> <span class='ocrx_word' id='word_1_577' title='bbox 1356 2638 1406 2674; x_wconf 86' lang='lat' dir='ltr'><strong>vel</strong></span> <span class='ocrx_word' id='word_1_578' title='bbox 1444 2639 1482 2675; x_wconf 91' lang='lat' dir='ltr'><strong>in</strong></span> <span class='ocrx_word' id='word_1_579' title='bbox 1510 2639 1665 2675; x_wconf 90' lang='lat' dir='ltr'><strong>maxime</strong></span> <span class='ocrx_word' id='word_1_580' title='bbox 1707 2639 1844 2687; x_wconf 86' lang='lat' dir='ltr'><strong>exiguis</strong></span> <span class='ocrx_word' id='word_1_581' title='bbox 1871 2638 2007 2687; x_wconf 87' lang='lat' dir='ltr'><strong>plantis</strong></span> <span class='ocrx_word' id='word_1_582' title='bbox 2051 2644 2086 2676; x_wconf 86' lang='lat' dir='ltr'><strong>et</strong></span> <span class='ocrx_word' id='word_1_583' title='bbox 2114 2641 2333 2679; x_wconf 84' lang='lat' dir='ltr'><strong>animalibus</strong></span> 
     </span>
     <span class='ocr_line' id='line_1_47' title="bbox 176 2697 2332 2752; baseline -0.001 -12"><span class='ocrx_word' id='word_1_584' title='bbox 176 2702 347 2752; x_wconf 86' lang='lat' dir='ltr'><strong>quiddam</strong></span> <span class='ocrx_word' id='word_1_585' title='bbox 373 2702 424 2740; x_wconf 88' lang='lat' dir='ltr'><strong>eis</strong></span> <span class='ocrx_word' id='word_1_586' title='bbox 450 2700 632 2750; x_wconf 85' lang='lat' dir='ltr'><strong>singulare</strong></span> <span class='ocrx_word' id='word_1_587' title='bbox 658 2700 703 2738; x_wconf 88' lang='lat' dir='ltr'><strong>ad</strong></span> <span class='ocrx_word' id='word_1_588' title='bbox 730 2699 775 2745; x_wconf 91' lang='lat' dir='ltr'><strong>id,</strong></span> <span class='ocrx_word' id='word_1_589' title='bbox 804 2699 899 2748; x_wconf 87' lang='lat' dir='ltr'><strong>quod</strong></span> <span class='ocrx_word' id='word_1_590' title='bbox 926 2698 1088 2736; x_wconf 89' lang='lat' dir='ltr'><strong>homines</strong></span> <span class='ocrx_word' id='word_1_591' title='bbox 1115 2701 1254 2747; x_wconf 82' lang='lat' dir='ltr'><strong>gerunt,</strong></span> <span class='ocrx_word' id='word_1_592' title='bbox 1292 2701 1451 2746; x_wconf 85' lang='lat' dir='ltr'><strong>spectare</strong></span> <span class='ocrx_word' id='word_1_593' title='bbox 1479 2697 1650 2734; x_wconf 88' lang='lat' dir='ltr'><strong>videmus.</strong></span> <span class='ocrx_word' id='word_1_594' title='bbox 1704 2698 1894 2745; x_wconf 89' lang='lat' dir='ltr'><strong>Nusquam</strong></span> <span class='ocrx_word' id='word_1_595' title='bbox 1933 2699 2028 2746; x_wconf 87' lang='lat' dir='ltr'><strong>apud</strong></span> <span class='ocrx_word' id='word_1_596' title='bbox 2057 2699 2254 2737; x_wconf 87' lang='lat' dir='ltr'><strong>Homerum</strong></span> <span class='ocrx_word' id='word_1_597' title='bbox 2288 2702 2332 2737; x_wconf 92' lang='lat' dir='ltr'><strong>de</strong></span> 
     </span>
     <span class='ocr_line' id='line_1_48' title="bbox 177 2758 2332 2808; baseline -0 -8"><span class='ocrx_word' id='word_1_598' title='bbox 177 2767 307 2801; x_wconf 88' lang='lat' dir='ltr'><strong>natura</strong></span> <span class='ocrx_word' id='word_1_599' title='bbox 333 2763 408 2799; x_wconf 88' lang='lat' dir='ltr'><strong>sola</strong></span> <span class='ocrx_word' id='word_1_600' title='bbox 434 2764 501 2799; x_wconf 84' lang='lat' dir='ltr'><strong>diei</strong></span> <span class='ocrx_word' id='word_1_601' title='bbox 528 2763 742 2800; x_wconf 91' lang='lat' dir='ltr'><strong>invenimus.</strong></span> <span class='ocrx_word' id='word_1_602' title='bbox 796 2761 987 2808; x_wconf 86' lang='lat' dir='ltr'><strong>Ingenium</strong></span> <span class='ocrx_word' id='word_1_603' title='bbox 1014 2760 1109 2796; x_wconf 89' lang='lat' dir='ltr'><strong>enim</strong></span> <span class='ocrx_word' id='word_1_604' title='bbox 1137 2759 1336 2796; x_wconf 81' lang='lat' dir='ltr'><strong>humanum</strong></span> <span class='ocrx_word' id='word_1_605' title='bbox 1364 2758 1522 2795; x_wconf 89' lang='lat' dir='ltr'><strong>nondum</strong></span> <span class='ocrx_word' id='word_1_606' title='bbox 1551 2769 1589 2794; x_wconf 94' lang='lat' dir='ltr'><strong>se</strong></span> <span class='ocrx_word' id='word_1_607' title='bbox 1615 2761 1827 2806; x_wconf 89' lang='lat' dir='ltr'><strong>opposuerat</strong></span> <span class='ocrx_word' id='word_1_608' title='bbox 1853 2762 2024 2803; x_wconf 88' lang='lat' dir='ltr'><strong>naturae;</strong></span> <span class='ocrx_word' id='word_1_609' title='bbox 2052 2758 2161 2797; x_wconf 92' lang='lat' dir='ltr'><strong>homo</strong></span> <span class='ocrx_word' id='word_1_610' title='bbox 2189 2765 2265 2799; x_wconf 90' lang='lat' dir='ltr'><strong>erat</strong></span> <span class='ocrx_word' id='word_1_611' title='bbox 2292 2765 2332 2799; x_wconf 90' lang='lat' dir='ltr'><strong>ut</strong></span> 
     </span>
     <span class='ocr_line' id='line_1_49' title="bbox 175 2818 2329 2868; baseline -0.001 -8"><span class='ocrx_word' id='word_1_612' title='bbox 175 2823 298 2861; x_wconf 88' lang='lat' dir='ltr'><strong>infans</strong></span> <span class='ocrx_word' id='word_1_613' title='bbox 326 2823 442 2859; x_wconf 89' lang='lat' dir='ltr'><strong>media</strong></span> <span class='ocrx_word' id='word_1_614' title='bbox 468 2823 506 2859; x_wconf 90' lang='lat' dir='ltr'><strong>in</strong></span> <span class='ocrx_word' id='word_1_615' title='bbox 533 2826 663 2859; x_wconf 90' lang='lat' dir='ltr'><strong>natura</strong></span> <span class='ocrx_word' id='word_1_616' title='bbox 689 2825 724 2858; x_wconf 87' lang='lat' dir='ltr'><strong>et</strong></span> <span class='ocrx_word' id='word_1_617' title='bbox 750 2825 835 2862; x_wconf 82' lang='lat' dir='ltr'><strong>erat,</strong></span> <span class='ocrx_word' id='word_1_618' title='bbox 864 2825 903 2857; x_wconf 93' lang='lat' dir='ltr'><strong>ut</strong></span> <span class='ocrx_word' id='word_1_619' title='bbox 930 2820 979 2856; x_wconf 83' lang='lat' dir='ltr'><strong>ita</strong></span> <span class='ocrx_word' id='word_1_620' title='bbox 1006 2819 1133 2863; x_wconf 84' lang='lat' dir='ltr'><strong>dicam,</strong></span> <span class='ocrx_word' id='word_1_621' title='bbox 1160 2819 1234 2866; x_wconf 90' lang='lat' dir='ltr'><strong>ipse</strong></span> <span class='ocrx_word' id='word_1_622' title='bbox 1262 2822 1399 2855; x_wconf 83' lang='lat' dir='ltr'><strong>natura.</strong></span> <span class='ocrx_word' id='word_1_623' title='bbox 1456 2818 1558 2855; x_wconf 86' lang='lat' dir='ltr'><strong>Videt</strong></span> <span class='ocrx_word' id='word_1_624' title='bbox 1585 2829 1623 2855; x_wconf 90' lang='lat' dir='ltr'><strong>se</strong></span> <span class='ocrx_word' id='word_1_625' title='bbox 1649 2819 1816 2855; x_wconf 88' lang='lat' dir='ltr'><strong>omnibus</strong></span> <span class='ocrx_word' id='word_1_626' title='bbox 1842 2819 1949 2856; x_wconf 91' lang='lat' dir='ltr'><strong>rebus</strong></span> <span class='ocrx_word' id='word_1_627' title='bbox 1975 2819 2165 2867; x_wconf 87' lang='lat' dir='ltr'><strong>imperare,</strong></span> <span class='ocrx_word' id='word_1_628' title='bbox 2193 2821 2329 2868; x_wconf 84' lang='lat' dir='ltr'><strong>gaudet</strong></span> 
     </span>
     <span class='ocr_line' id='line_1_50' title="bbox 177 2877 2330 2939; baseline -0.001 -19"><span class='ocrx_word' id='word_1_629' title='bbox 177 2882 345 2933; x_wconf 81' lang='lat' dir='ltr'><strong>pulchras</strong></span> <span class='ocrx_word' id='word_1_630' title='bbox 371 2892 439 2925; x_wconf 82' lang='lat' dir='ltr'><strong>res,</strong></span> <span class='ocrx_word' id='word_1_631' title='bbox 468 2892 559 2930; x_wconf 88' lang='lat' dir='ltr'><strong>quae</strong></span> <span class='ocrx_word' id='word_1_632' title='bbox 585 2882 717 2929; x_wconf 92' lang='lat' dir='ltr'><strong>ubique</strong></span> <span class='ocrx_word' id='word_1_633' title='bbox 743 2886 837 2924; x_wconf 90' lang='lat' dir='ltr'><strong>sunt,</strong></span> <span class='ocrx_word' id='word_1_634' title='bbox 865 2885 900 2916; x_wconf 87' lang='lat' dir='ltr'><strong>et</strong></span> <span class='ocrx_word' id='word_1_635' title='bbox 927 2891 996 2927; x_wconf 92' lang='lat' dir='ltr'><strong>quo</strong></span> <span class='ocrx_word' id='word_1_636' title='bbox 1024 2879 1106 2939; x_wconf 72' lang='lat' dir='ltr'><strong>quid</strong></span> <span class='ocrx_word' id='word_1_637' title='bbox 1136 2877 1358 2913; x_wconf 85' lang='lat' dir='ltr'><strong>manifestius</strong></span> <span class='ocrx_word' id='word_1_638' title='bbox 1399 2881 1432 2912; x_wconf 90' lang='lat' dir='ltr'><strong>et</strong></span> <span class='ocrx_word' id='word_1_639' title='bbox 1460 2877 1658 2913; x_wconf 81' lang='lat' dir='ltr'><strong>evidentius</strong></span> <span class='ocrx_word' id='word_1_640' title='bbox 1685 2877 1716 2912; x_wconf 91' lang='lat' dir='ltr'><strong>ei</strong></span> <span class='ocrx_word' id='word_1_641' title='bbox 1743 2877 1889 2921; x_wconf 82' lang='lat' dir='ltr'><strong>accidat,</strong></span> <span class='ocrx_word' id='word_1_642' title='bbox 1931 2889 2001 2924; x_wconf 89' lang='lat' dir='ltr'><strong>quo</strong></span> <span class='ocrx_word' id='word_1_643' title='bbox 2028 2879 2183 2917; x_wconf 89' lang='lat' dir='ltr'><strong>similius</strong></span> <span class='ocrx_word' id='word_1_644' title='bbox 2210 2891 2330 2917; x_wconf 90' lang='lat' dir='ltr'><strong>rerum</strong></span> 
     </span>
    </p>
   </div>
  </div>
 </body>
</html>
