2535 3077
1237 58 1320 114 14'‘
1384 43 1388 61 '¹

162 183 167 186 .
1678 176 1680 179 ι
1890 185 1892 188 f
1973 186 1976 188 ,
2010 175 2018 185 η
2103 177 2178 196 ΜΨ
2281 167 2335 195 5³³³

174 197 332 247 Mauo
357 198 515 247 quodam
542 198 706 247 principe
731 198 861 236 marito
886 198 1042 235 abducta
1067 197 1124 241 sit,
1152 207 1240 234 num
1267 206 1393 245 omnes
1430 194 1559 232 Graeci
1597 193 1692 231 hanc
1718 193 1765 231 ob
1791 201 1940 250 causam
1969 189 2012 231 ut
2037 192 2265 247 irum-iah

161 261 356 302 ”comtum
381 258 649 308 expeditionem
676 258 847 297 adversus
874 257 1050 306 Trojanos
1075 255 1308 306 susceperint,
1347 254 1404 292 cui
1430 253 1616 292 fortissimi
1642 253 1771 291 viriet
1806 252 1995 291 clarhsimi
2029 248 2268 304 prinsipes?

109 361 113 365 ,
173 319 308 358 eram?
324 328 424 357 num
449 304 610 358 Achilles
634 330 808 367 umquam
834 319 942 357 fuerit
968 317 1234 366 Agamemnoni
1273 316 1400 360 iratus,
1444 325 1532 352 num
1558 313 1706 352 omnino
1748 311 1882 352 bellum
1907 311 2133 363 bojanum?
2161 320 2220 340 ’-’
2242 308 2349 364 lim
2422 310 2470 352 ῥ’

174 379 300 419 omnia
323 382 411 417 sunt
437 379 596 416 virorum
622 379 767 417 illorum
793 380 989 424 doctorum,
1017 378 1078 426 qui
1105 376 1277 414 historiae
1303 386 1451 424 operam
1476 375 1564 412 dent
1590 374 1693 412 nobis
1726 378 1845 412 autem
1873 374 1935 422 qui
1961 374 2006 412 de
2031 373 2171 423 poetica
2197 372 2347 417 Homeri
2401 376 2418 429 Ἰ
2432 405 2476 429 „-

176 441 255 476 arte
280 442 317 477 et
342 439 532 477 venustate
552 438 767 487 judicemus,
797 439 984 476 mediocris
1013 438 1120 474 modo
1138 437 1253 485 pretii.
1306 435 1377 473 Sed
1393 434 1462 471 hoc
1488 437 1582 471 certe
1600 437 1751 479 constat,
1770 433 1959 471 hominum
1978 443 2097 471 mores
2122 444 2164 470 ac
2180 436 2346 471 naturam
2383 453 2397 477 x,
2423 433 2480 484 J<-

176 498 332 548 bellique
358 499 712 537 administrationem
741 504 868 545 cetera,
898 510 990 548 quae
1018 498 1162 547 quidem
1202 497 1241 534 in
1267 495 1415 534 Homeri
1454 495 1674 533 carminibus
1700 494 1954 543 depingantur,
1986 494 2032 532 ab
2058 493 2206 532 Homeri
2231 495 2347 532 aetate

176 559 277 598 nullo
321 559 427 596 modo
473 559 706 597 abhorruisse
750 571 817 596 nec
843 560 1036 607 quisquam
1080 558 1268 601 dubitabit,
1312 557 1400 604 quin
1444 567 1514 603 quo
1541 557 1730 600 Homerus,
1774 556 1897 593 eodem
1942 556 2048 593 modo
2083 556 2191 594 etiam
2218 555 2347 594 Graeci
2444 594 2450 599 ,
2487 609 2489 611 ‚

174 621 342 657 naturam
370 630 493 657 rerum
520 620 755 668 perceperint.
809 619 839 656 Ii
866 620 928 667 qui
956 619 1119 664 audiunt,
1149 629 1192 655 ex
1218 617 1324 655 rebus
1351 616 1418 654 sibi
1442 616 1606 664 cognitis,
1634 627 1677 653 ex
1703 627 1769 653 sua
1796 615 1898 664 quasi
1925 619 2046 653 mente
2071 618 2108 653 et
2131 615 2348 664 cogitatione
2389 661 2393 665 .
2464 622 2487 643 -’

176 678 363 728 paullatim
391 679 437 716 ad
463 690 608 717 summa
644 679 760 717 attolli
787 680 928 724 debent,
970 691 1040 727 quo
1068 681 1119 724 fit,
1147 684 1186 716 ut
1212 679 1505 726 comparationes.
1534 689 1625 725 quae
1652 680 1778 725 poetae
1804 677 1962 715 consiliis
1986 677 2214 722 subveniunt,
2241 688 2347 716 num-

176 749 285 786 quam
313 739 499 786 quaesitae
528 740 710 788 nimisque
737 744 872 783 acutae,
899 740 961 778 sed
992 751 1133 788 semper
1159 739 1340 788 simplices
1367 730 1620 786 naturalesque
1647 738 1731 775 sint.

328 798 524 847 Ingenium
552 799 640 837 illud
667 803 811 838 nostrae
838 800 965 838 aetatis
1005 805 1040 838 et
1080 800 1290 848 praesertim
1335 799 1448 837 nostri
1476 797 1607 836 saeculi
1633 798 1828 847 proprium,
1856 799 1950 847 quod
1978 799 2023 835 ad
2049 798 2237 836 historiam
2264 802 2347 841 ante

176 859 299 897 omnia
325 870 364 897 se
390 860 506 904 vertit,
534 863 570 898 et
598 861 650 898 vis
678 860 739 897 illa
766 861 931 908 aciesque
958 861 1069 897 animi
1111 861 1156 897 ad
1183 860 1455 908 praeteritorum
1494 858 1717 895 saeculorum
1744 869 1801 895 res
1837 860 2102 907 perspiciendas
2142 859 2349 907 aptissimae

176 920 355 958 veteribus
383 919 495 957 multo
526 921 647 958 minus
673 926 787 961 erant.
815 933 923 969 quam
952 921 1076 966 nobis;
1114 925 1148 957 et
1175 926 1214 957 ut
1241 920 1335 968 apud
1363 932 1427 957 nos
1455 918 1582 967 vulgus
1610 918 1648 955 in
1675 918 1826 956 historia
1852 929 1927 956 non
1953 922 2134 957 versatum
2168 931 2252 958 suas
2278 930 2346 964 res,

177 979 467 1025 consuetudines,
497 980 685 1028 opiniones
716 981 811 1029 apud
839 981 926 1017 alios
955 992 1095 1028 quoque
1122 980 1271 1029 populos
1312 980 1468 1016 locorum
1496 983 1768 1026 temporumque
1813 979 1900 1016 satis
1927 990 2060 1027 magno
2099 979 2286 1017 intervallo
2326 990 2348 1016 a

175 1050 214 1077 se
239 1043 470 1087 segregratos
499 1051 576 1077 esse
603 1045 714 1088 putat,
743 1045 868 1088 poetae
894 1041 1004 1077 etiam
1034 1042 1259 1088 antiquitatis
1288 1053 1403 1077 mores
1431 1044 1465 1077 et
1492 1041 1679 1088 opiniones
1707 1051 1852 1076 suorum
1881 1042 2086 1088 temporum
2122 1040 2159 1077 in
2187 1040 2349 1077 carmina

176 1110 242 1137 sua
268 1098 447 1148 recipiunt
475 1099 614 1138 etiamsi
642 1111 765 1138 eorum
793 1105 1007 1149 argumenta
1035 1101 1080 1138 ad
1108 1101 1249 1139 saecula
1276 1101 1455 1149 pertinent
1476 1101 1553 1148 jam
1580 1100 1640 1136 diu
1667 1099 1870 1147 praeterita.
1923 1098 2082 1144 Ovidius,
2111 1103 2151 1137 ut
2174 1099 2242 1137 hoc
2268 1103 2349 1137 utar

176 1157 348 1206 exemplo,
376 1159 553 1207 templum
580 1159 734 1197 heroicis
760 1161 980 1208 temporibus
1008 1161 1236 1197 aedificatum
1264 1161 1368 1207 (Met.
1409 1160 1455 1203 II,
1485 1162 1517 1202 1,
1546 1160 1643 1206 sqq.)
1672 1159 1850 1202 describit,
1894 1160 1988 1206 quod
2023 1171 2067 1196 ex
2093 1159 2205 1197 multo
2231 1162 2348 1207 poste-

177 1219 332 1257 rioribus
359 1219 580 1267 temporibus
609 1220 822 1258 translatum
850 1224 914 1264 est,
955 1224 990 1257 et
1024 1220 1126 1268 (Met.
1156 1220 1182 1264 Ι,
1211 1220 1301 1269 398)
1330 1219 1538 1257 Deucalioni
1578 1219 1637 1255 dat
1679 1222 1810 1255 vestem
1840 1218 1960 1267 populi
1975 1219 2126 1255 Romani
2154 1219 2347 1267 propriam.

176 1280 296 1328 Atque
323 1283 362 1316 ut
388 1290 431 1316 ex
458 1279 606 1328 picturis
633 1281 812 1318 artificum
840 1281 1043 1319 Italicorum
1074 1294 1201 1324 mores,
1245 1282 1422 1324 vestitum,
1464 1280 1597 1317 cultum
1624 1290 1746 1316 eorum
1788 1284 1988 1328 temporum
2028 1291 2242 1329 cognoscere
2267 1292 2348 1330 pos-

175 1351 311 1383 sumus,
338 1340 389 1375 ita
417 1340 528 1375 etiam
556 1351 599 1376 ex
625 1342 952 1388 comparationibus
989 1346 1024 1378 et
1051 1343 1349 1389 descriptionibus
1375 1340 1647 1377 Homericorum
1685 1341 1885 1378 carminum
1928 1340 2022 1379 illius
2064 1345 2215 1379 aetatem
2245 1342 2348 1379 facile

177 1400 425 1449 perspicimus.
470 1400 566 1437 Nam
594 1400 664 1437 hae
691 1402 977 1450 comparationes
1017 1401 1198 1450 pertinent
1225 1401 1269 1438 ad
1298 1404 1407 1438 totam
1436 1400 1544 1437 vitam
1573 1399 1782 1445 humanam,
1824 1404 1863 1438 ut
1904 1404 1981 1438 erat
2019 1401 2087 1438 illis
2128 1402 2346 1450 temporibus

177 1465 213 1498 et
239 1464 457 1509 argumenta
485 1472 609 1497 earum
637 1461 748 1498 electa
789 1466 875 1498 sunt
901 1462 978 1498 sine
1020 1461 1091 1498 ullo
1137 1461 1296 1498 artificio.
1353 1461 1422 1498 Sed
1468 1461 1644 1507 quomodo
1690 1465 1789 1499 aetas
1815 1461 2005 1499 Homerica
2043 1462 2150 1500 fuerit
2188 1461 2347 1500 historici

175 1522 330 1565 videant,
358 1525 523 1558 nostrum
552 1523 628 1565 erit,
659 1522 726 1559 hoc
754 1523 830 1559 loco
871 1524 1096 1571 argumentis
1123 1522 1431 1570 comparationum
1460 1521 1758 1562 demonstrandis,
1802 1532 1910 1570 quam
1937 1521 2127 1567 naturales,
2155 1522 2345 1571 simplices,

175 1583 350 1619 venustae
376 1580 460 1626 sint,
489 1582 688 1619 ostendere.
745 1582 781 1619 Si
810 1593 880 1630 quo
907 1582 983 1618 loco
1022 1588 1117 1619 certe
1143 1582 1470 1630 comparationibus
1508 1581 1615 1628 plane
1657 1586 1692 1618 et
1719 1582 1871 1618 dilucide
1911 1584 2171 1630 comprobatur,
2200 1583 2346 1620 Homeri

175 1642 363 1689 ingenium
393 1643 439 1677 ad
466 1644 673 1679 universum
702 1648 869 1690 spectans
896 1644 1016 1680 fuisse.
1073 1644 1206 1680 Earum
1249 1643 1471 1690 argumentis
1509 1642 1605 1679 enim
1647 1645 1720 1679 tota
1759 1653 1878 1680 rerum
1920 1647 2050 1680 natura
2090 1645 2235 1692 totaque
2273 1643 2347 1681 vita

177 1700 340 1738 humana
366 1701 583 1747 continetur,
612 1707 651 1738 ut
678 1703 835 1739 mundus
862 1704 964 1750 quasi
1001 1714 1063 1750 per
1090 1714 1128 1738 se
1155 1704 1272 1738 inesse
1299 1703 1349 1738 eis
1378 1703 1547 1738 videatur.
1601 1701 1727 1748 Itaque
1754 1712 1884 1748 operae
1923 1703 2077 1749 pretium
2116 1704 2192 1740 fore
2230 1704 2346 1747 credo,

177 1761 466 1809 comparationes
494 1763 704 1800 Homer-icas
732 1775 926 1810 earumque
966 1769 1180 1811 argumenta
1207 1775 1279 1800 non
1319 1774 1502 1800 recensere
1531 1762 1633 1799 modo
1669 1766 1704 1799 et
1733 1773 1952 1807 enumerare,
1993 1762 2056 1801 sed
2082 1766 2193 1801 totam
2233 1762 2340 1802 etiam

176 1821 365 1861 materiam
393 1833 486 1872 quae
512 1823 564 1863 eis
592 1823 695 1870 inest,
738 1825 841 1874 quasi
869 1829 1061 1862 exstruere.
1105 1845 1146 1850 —
1191 1825 1315 1873 Longe
1357 1823 1513 1859 maxima
1557 1834 1638 1869 pars
1680 1823 1985 1870 comparationum
2013 1824 2283 1860 Homericarum
2324 1835 2343 1860 e

173 1887 305 1919 natura
330 1884 410 1931 ipsa
435 1890 625 1932 assumpta
651 1891 715 1928 est,
735 1887 787 1921 ita
813 1892 853 1922 ut
872 1888 979 1922 variis
1006 1887 1076 1922 illis
1096 1886 1402 1932 descriptionibus,
1423 1883 1599 1930 quomodo
1620 1883 1795 1920 Homerus
1815 1883 1962 1931 ejusque
1988 1883 2154 1931 aequales
2173 1886 2340 1922 naturam

175 1943 433 1993 perspexerint.
463 1948 627 1983 accurate
656 1946 823 1995 cognosci
851 1946 976 1995 possit.
1030 1945 1098 1984 Res
1126 1945 1304 1989 coelestes,
1342 1946 1580 1993 tempestates,
1610 1941 1820 1979 animalium
1861 1948 1896 1980 et
1921 1943 2126 1992 plantarum
2166 1945 2238 1981 vita
2264 1955 2344 1993 pro·

173 2005 413 2054 prietatesque
441 2016 564 2042 earum
592 2008 697 2043 nobis
725 2008 1054 2054 comparationibus
1084 2011 1167 2042 ante
1194 2007 1313 2042 oculos
1331 2010 1525 2052 ponuntur.
1582 2005 1702 2041 Unum
1730 2007 1930 2053 exemplum
1960 2008 2117 2054 proferre
2143 2009 2230 2045 satis
2256 2009 2344 2049 erit;

172 2077 286 2103 unum
314 2069 349 2103 et
373 2066 522 2114 plenum
550 2068 859 2115 comparationum
888 2079 1034 2105 carmen
1063 2078 1306 2115 excerpamus,
1335 2066 1500 2115 quintum
1520 2064 1641 2103 Iliadis
1670 2064 1811 2111 librum,
1840 2066 1901 2115 qui
1928 2067 1972 2104 de
1998 2067 2106 2105 rebus
2133 2079 2154 2104 a
2174 2067 2345 2106 Diomede

172 2126 286 2175 gestis
312 2126 441 2175 agitur.
497 2128 612 2164 Arma
638 2127 714 2175 ejus
741 2129 858 2166 nitent
884 2129 1007 2166 stellae
1050 2128 1288 2166 auctumnalis
1315 2127 1446 2164 similia
1472 2128 1522 2174 (v.
1550 2129 1590 2174 5)
1618 2128 1693 2175 ipse
1721 2132 1839 2165 autem
1876 2130 2090 2166 furibundus
2130 2131 2243 2166 fertur
2280 2142 2344 2178 per

171 2198 339 2234 carnpum
367 2192 406 2224 ut
433 2187 563 2224 fluvius
590 2188 783 2232 inundans,
812 2190 871 2235 qui
889 2189 1055 2226 velociter
1082 2189 1197 2225 fluens
1224 2193 1350 2236 pontes
1365 2188 1524 2236 dissipat,
1552 2187 1684 2224 multae
1712 2193 1830 2226 autem
1859 2201 1899 2227 eo
1918 2189 2075 2238 dejectae
2101 2193 2186 2227 sunt
2203 2193 2341 2239 segetes

171 2244 286 2285 laetae
306 2245 480 2295 juvenum
507 2246 559 2297 (v.
587 2247 674 2296 87);
703 2247 910 2286 vulneratus
939 2252 1014 2286 tum
1043 2249 1145 2285 irruit
1172 2249 1210 2285 in
1238 2248 1409 2296 Trojanos
1436 2248 1549 2284 instar
1576 2248 1698 2292 leonis,
1727 2260 1834 2296 quem
1867 2250 1969 2297 apud,
1988 2250 2170 2297 lanigeras
2196 2262 2279 2287 oves
2305 2252 2344 2287 in

172 2320 259 2356 agro
286 2309 498 2356 perstrinxit
524 2313 646 2357 pastor
670 2310 794 2357 (136).
849 2311 949 2347 Tunc
976 2314 1095 2348 autem
1123 2311 1269 2358 corripit
1298 2309 1504 2347 Echemona
1531 2308 1814 2358 Chromiumque
1854 2315 1893 2348 ut
1919 2310 1974 2349 leo
2000 2311 2093 2349 inter
2121 2311 2227 2349 boves
2254 2311 2342 2350 insi-

172 2368 265 2407 liens
291 2368 465 2407 cervicem
493 2368 632 2418 frangit
656 2368 830 2418 juvencae
858 2369 912 2407 vel
938 2370 1039 2407 bovis
1067 2369 1185 2419 (161).
1240 2369 1306 2406 Dei
1333 2369 1460 2407 similis
1488 2369 1695 2417 aggreditur
1717 2370 1873 2408 Martem
1901 2375 1937 2408 et
1957 2371 2167 2420 Apollinem,
2196 2371 2339 2420 TroJani

171 2434 290 2467 autem
318 2441 398 2466 eum
427 2430 574 2477 fugiunt
600 2434 640 2466 ut
664 2441 771 2467 canes
812 2431 951 2468 leonem
980 2432 1082 2477 (459,
1124 2430 1225 2478 884),
1255 2430 1380 2467 Achivi
1419 2430 1605 2467 albescunt
1640 2430 1795 2478 pulvere,
1837 2436 1876 2469 ut
1916 2432 1989 2477 viri,
2031 2432 2176 2480 quando
2215 2432 2338 2480 utique
2366 2457 2401 2498 ff

173 2489 265 2527 flava
291 2488 399 2527 Ceres
426 2491 581 2528 secernit
607 2490 723 2528 ventis
768 2493 802 2527 et
830 2490 984 2527 fructum
1025 2495 1060 2528 et
1087 2491 1208 2539 paleas
1236 2490 1365 2539 (499);
1409 2493 1507 2526 stant
1550 2494 1668 2525 autem
1706 2490 1858 2535 immoti,
1903 2492 2053 2528 nubium
2098 2492 2222 2535 instar,
2250 2502 2340 2539 quas

172 2550 362 2588 Saturnius
388 2551 483 2588 sistit
528 2551 566 2587 in
592 2551 745 2588 summis
773 2552 965 2594 montibus,
1001 2552 1145 2598 quando
1173 2551 1303 2587 dormit
1347 2551 1399 2587 vis
1427 2550 1561 2586 Boreae
1605 2549 1828 2597 aliorumque
1872 2555 2059 2588 ventorum
2088 2551 2207 2599 (522).
2260 2551 2341 2589 Duo

164 2611 315 2659 juvenes
343 2611 510 2648 manibus
537 2612 683 2648 Aeneae
709 2611 915 2655 domantur,
943 2615 982 2648 ut
1007 2611 1129 2648 leones
1157 2610 1333 2647 interfecti
1355 2610 1509 2646 virorum
1537 2610 1705 2647 manibus
1734 2621 1815 2648 aere
1844 2615 1947 2648 acuto
1967 2612 2073 2659 (554)
2102 2611 2340 2659 deciduntque

169 2674 209 2709 ut
235 2671 370 2709 abietes
395 2682 575 2720 procerae.
630 2672 700 2709 Sed
741 2671 930 2708 Diomedes
957 2671 1147 2707 Hectorem
1192 2672 1418 2719 conspicatus
1445 2669 1619 2712 cohorret,
1665 2675 1703 2706 ut
1730 2670 1838 2707 homo
1879 2672 2044 2709 consistit
2086 2672 2131 2708 ad
2174 2672 2338 2720 rapidum

167 2732 316 2770 fluvium
343 2732 381 2770 in
407 2743 507 2770 mare
534 2732 782 2781 profluentem,
811 2744 938 2780 spuma
965 2731 1177 2769 frementem
1206 2731 1312 2781 (595)
1358 2737 1392 2769 et
1420 2731 1518 2769 Mars
1563 2731 1769 2770 vulneratus
1815 2732 1852 2770 in
1899 2732 2036 2771 caelum
2081 2732 2182 2777 redit,
2226 2735 2267 2771 ut
2292 2744 2335 2770 ex

167 2792 328 2830 nubibus
354 2792 461 2840 nigra
489 2797 637 2841 apparet
663 2793 781 2841 caligo
811 2792 930 2841 (864).
982 2793 1080 2829 Juno
1107 2796 1143 2828 et
1168 2793 1334 2829 Minerva
1360 2793 1566 2840 pavidarum
1611 2793 1857 2830 columbarum
1897 2795 2039 2831 incessu
2079 2793 2214 2831 similes
2253 2799 2340 2831 eunt

169 2852 298 2900 (778);
325 2852 459 2888 circum
488 2852 697 2889 Diomedem
725 2852 855 2889 Achivi
883 2856 981 2889 stant
1006 2852 1156 2888 conferti
1185 2857 1223 2888 ut
1250 2853 1368 2889 leones
1396 2853 1506 2888 cruda
1532 2858 1698 2890 vorantes
1727 2853 1780 2889 vel
1818 2853 1882 2890 feri
1911 2854 1989 2901 apri
2015 2852 2205 2898 silvarum;
2239 2853 2336 2891 Juno

166 2915 301 2952 clamat
327 2912 485 2952 Stentori
513 2912 723 2952 assimulata
752 2912 872 2964 (786),
903 2913 964 2962 qui
992 2916 1132 2951 tantum
1161 2912 1430 2958 vociferabatur,
1459 2918 1634 2962 quantum
1663 2913 1723 2950 alii
1752 2913 2028 2962 quinquaginta.
