2535 3077
120 220 274 289 ἧσο
294 242 340 272 ue
352 231 463 283 dicit,
482 172 718 283 papilionem,
746 231 814 270 etsi
838 172 1091 281 pulcherrimis
1116 232 1295 271 coloribus
1320 233 1510 273 distinctus
1535 238 1609 280 est,-
1618 235 1714 284 apud
1739 238 1877 275 veteres
1902 235 1962 275 vix
1986 241 2146 277 nornen
2170 262 2187 288 ·.
2238 194 2268 209 ι

157 291 293 356 nedum
320 303 344 330 a
368 292 486 341 poetis
511 292 736 330 carminibus
758 291 1011 336 celebraretur,
1037 297 1079 329 ut
1104 293 1199 341 apud
1225 304 1291 330 nos
1317 293 1395 331 fieri
1421 294 1522 336 solet.
2266 287 2277 311 ¹*

312 353 463 392 Veteres
489 357 658 392 naturam
691 363 767 391 non
793 353 1003 392 universum
1030 353 1201 420 quiddam
1234 354 1390 394 aeternis
1406 354 1557 404 legibus
1583 348 1824 406 gubernatum
1861 360 1898 396 et
1922 346 2045 396 divino
2076 355 2199 408 anim-0
2225 325 2330 398 ἑοὶ,
2350 333 2361 347 ’“

158 413 295 464 pletum
322 412 586 460 intellexerunt,
614 413 712 462 quod
735 413 850 451 animi
876 412 1029 450 humani
1074 413 1126 450 vis
1161 418 1197 450 et
1237 416 1331 452 acies
1356 415 1557 463 perspicere
1583 420 1908 465 consumuntque
1951 405 2130 465 quomodo
2172 425 2240 454 noe
2281 416 2327 454 de

155 476 288 514 natura
320 474 527 524 judicamus
565 478 602 513 et
639 474 819 523 quomodo
859 476 1071 523 praesertim
1107 475 1246 513 Goethe
1287 481 1409 513 noster
1450 475 1701 524 pulcherrimis
1739 476 1961 516 carminibus
1989 468 2238 543 ,iudieavit—
2262 475 2327 515 tali

159 535 267 575 modo
293 546 457 584 nusqum
483 535 672 573 Homerus.
678 534 711 582 ⁸)
738 534 959 584 Klopstockii
987 535 1075 573 illud
1102 535 1448 585 praeclarissimum:

775 644 882 676 Schon
904 645 958 680 ist,
981 645 1103 675 Mutter
1124 644 1237 679 Natur.
1260 644 1373 675 Deiner
1395 645 1568 685 Erfindung
1589 646 1707 677 Pracht

781 695 850 727 Auf
869 695 918 727 die
939 696 1056 727 Fluren
1078 697 1251 732 verstreut;

782 747 920 780 Schoner
942 749 992 780 ein
1015 749 1086 780 froh
1108 748 1248 783 Gesicht.

779 799 845 829 Das
868 799 927 829 den
950 808 1081 839 grossen
1103 798 1271 829 Gedauken

780 851 896 881 Deiner
919 850 1102 890 Schdpfung
1122 850 1203 881 noch
1227 851 1342 881 einmal
1364 849 1479 880 denkt!

157 954 204 993 ab
229 954 387 992 Homero
414 964 533 1001 neque
558 953 707 1001 cogitari
737 963 856 1000 neque
882 952 950 988 dici
979 963 1131 999 usquam
1159 952 1284 1000 potuit.
1338 952 1562 999 Quamquam
1600 953 1697 990 enim
1738 953 1876 1002 ingenii
1916 954 1992 1002 ejus
2019 965 2170 992 acumen
2207 942 2325 1003 neqne

160 1013 415 1053 amoenitatem
444 1016 561 1051 terrae
574 1012 733 1050 Graecae
758 1022 877 1060 neque
903 1012 976 1048 vim
996 1015 1146 1049 naturae
1172 1012 1284 1060 ipsius
1303 1023 1474 1060 umquam
1493 1014 1741 1061 praetermitit‚
1761 1017 1886 1052 tamen
1907 1016 1984 1064 ipse
2010 1018 2045 1052 et
2063 1015 2138 1064 ejus
2157 1014 2324 1064 aequales

156 1077 326 1113 naturam
351 1073 564 1122 praesertim
592 1072 736 1120 qualem
763 1083 803 1109 se
829 1073 1015 1120 praeberet
1041 1073 1162 1108 animo
1189 1075 1225 1108 et
1243 1073 1390 1120 corpori,
1410 1074 1640 1121 contemplati
1659 1078 1754 1118 sunt,
1772 1075 2096 1123 amoenitatemque
2114 1076 2190 1123 ejus
2207 1076 2325 1124 magis

157 1135 199 1173 in
223 1145 266 1173 eo
291 1133 446 1182 positam
473 1143 552 1171 esse
580 1132 820 1176 crediderunt,
848 1131 943 1179 quod
971 1142 1037 1168 nos
1064 1131 1158 1169 bene
1184 1131 1351 1176 afficeret,
1379 1143 1541 1181 quaeque
1568 1134 1613 1171 ab
1641 1144 1684 1171 ea
1712 1138 1956 1182 procreantur,
1983 1136 2101 1185 magis
2123 1135 2329 1183 adjumenta

156 1195 212 1246 ad·
228 1194 443 1232 reficiendos
469 1192 773 1239 delectandosque
799 1192 940 1228 animos
966 1191 1147 1229 humanos
1173 1196 1398 1240 putaverunt,
1427 1204 1535 1240 quam
1556 1200 1595 1230 ut
1612 1195 1833 1232 reconditam
1851 1197 2104 1244 propriamque
2121 1196 2197 1244 ejus
2215 1196 2325 1233 vitam

134 1254 261 1303 'quasi
286 1254 405 1290 vivere
431 1255 659 1289 conarentur.
714 1251 829 1287 Penes
855 1250 1041 1285 hominem
1068 1254 1123 1286 est
1148 1262 1301 1298 regnum
1329 1255 1496 1296 naturae3
1544 1264 1778 1300 quaecunque
1813 1258 1907 1298 sunt,
1952 1258 2038 1291 sunt
2068 1251 2254 1302 procreata
2287 1258 2327 1291 ut

154 1312 312 1363 gaudeat
336 1312 548 1359 fruaturque
575 1311 646 1355 eis3
674 1309 836 1347 humana
849 1309 1069 1346 consuetudo
1096 1310 1147 1347 eis
1174 1311 1407 1357 proponenda
1434 1322 1511 1349 esse
1526 1312 1683 1357 videtur;
1713 1317 1864 1351 naturae
1889 1325 1947 1352 res
1974 1315 2010 1351 id
2036 1325 2149 1352 unum
2168 1313 2322 1358 student,

156 1378 198 1413 ut
221 1374 316 1412 vitae
341 1372 529 1410 humanae
551 1370 794 1419 jucunditates
820 1369 1028 1418 fructusque
1056 1374 1223 1418 augeant.
1253 1370 1352 1417 Quod
1379 1371 1522 1419 quidem
1551 1373 1762 1420 praesertim
1790 1386 1812 1411 a
1828 1374 1934 1412 nobis
1962 1374 2070 1412 videri
2088 1378 2215 1424 potest,
2242 1385 2324 1412 cum

156 1445 339 1482 nusquam
366 1436 439 1470 tam
467 1432 577 1480 plane
604 1435 639 1468 et
665 1431 818 1468 dilucide
845 1430 979 1467 dictum
1006 1430 1063 1474 sit,
1091 1442 1200 1477 quam
1228 1431 1493 1479 comparatione
1521 1431 1582 1469 illa
1608 1433 1647 1469 in
1674 1432 1715 1471 Il.
1745 1433 1843 1478 VIH,
1870 1434 2064 1472 554-61:

609 1526 643 1561 οἱ
674 1521 712 1563 δέ
743 1522 834 1574 μέγα
864 1524 1074 1575 φρονέοντες
1105 1523 1161 1563 ἐπὶ
1191 1525 1388 1577 πτολέμοιο
1419 1527 1572 1580 γεφύρας

602 1586 709 1630 εἵατο
740 1588 939 1640 παννύχιοι,
971 1589 1064 1646 πυροὶ
1094 1590 1132 1632 δὲ
1164 1606 1264 1646 σφισι
1291 1593 1408 1632 καίετο
1439 1590 1578 1633 πολλά.

606 1661 654 1703 (ἐς
685 1656 714 1695 δ’
744 1654 795 1696 ὅτ’
830 1655 868 1695 ἐν
898 1656 1044 1713 οὐρανῷ
1075 1658 1190 1714 οἷστρα
1220 1658 1367 1713 φαεινὴν
1400 1659 1491 1714 ἀμφὶ
1520 1659 1677 1702 σελήνην

610 1722 746 1779 φαίνετ’
776 1722 983 1776 αἶριπρεπὲα,
1014 1723 1075 1764 ὅτε
1105 1724 1133 1763 τ’
1167 1726 1296 1765 ἔπλετο
1327 1728 1475 1776 νήνεμος
1505 1729 1635 1779 cni-3⁷39·

597 1789 655 1843 [εἰι
682 1789 709 1830 τ’
741 1789 874 1847 ἔφανεν
902 1790 1016 1831 πᾶσαι
1046 1794 1188 1832 σκοπιαὶ
1218 1794 1276 1832 καὶ
1307 1791 1463 1845 πρώονες
1494 1791 1594 1848 οἷιιροι

600 1861 659 1896 καὶ
688 1856 800 1898 νάπαι
831 1871 838 1878 ·
871 1857 1078 1911 οὐρανόθεν
1108 1858 1136 1898 δ’
1169 1860 1220 1912 ἆρ’
1254 1859 1433 1912 ὑπερράγη
1467 1861 1617 1906 ἄσπετος
1648 1859 1784 1911 αἰθήρ,]

603 1925 732 1965 πάντα
761 1922 799 1964 δέ
831 1922 867 1966 τ’
897 1927 1026 1966 εἴδεται
1055 1924 1184 1982 ἄστρα,
1216 1926 1403 1980 γέγηθε
1434 1927 1481 1967 δέ
1510 1943 1557 1968 τε
1587 1926 1741 1984 φρένα
1770 1924 1955 1977 ποιμήν.

605 1991 729 2032 τόσσα
759 1992 893 2046 μεσηγύ
924 1994 1015 2032 νεαῖν
1045 1992 1107 2037 ἠδὲ
1139 1993 1301 2033 Ξάνθοιο
1334 1993 1452 2047 ῥοάων

602 2059 743 2111 Τρώων
770 2058 948 2100 καιόντων
976 2062 1070 2114 πυροὶ
1099 2064 1245 2116 φαίνετο
1275 2060 1408 2101 Ἰλιόθι
1438 2062 1516 2114 πρό.
1552 2084 1601 2089 -

317 2376 342 2417 ¹)
364 2377 458 2413 Hess.
481 2377 632 2418 Beitriige
655 2387 709 2409 zur
732 2377 976 2418 Untersuchung
998 2376 1075 2408 iiber
1097 2376 1152 2408 das
1176 2375 1390 2417 Naturgefiihl
1418 2376 1461 2406 im
1484 2375 1577 2406 klass.
1602 2376 1794 2406 Alterthum.
1838 2373 2026 2416 Rendsburg
2050 2374 2138 2411 1871,
2162 2374 2247 2406 Seite
2261 2365 2316 2406 ‘26.

150 2429 216 2460 crr.
238 2429 345 2465 Lotze,
369 2429 603 2459 Mikrokosmus
626 2429 686 2464 111,
708 2438 737 2468 p.
760 2429 830 2464 292,
854 2438 920 2467 sqq.

311 2479 340 2517 ²)
362 2478 453 2517 Heus,
486 2488 515 2511 a.
537 2488 566 2512 ο.
591 2478 637 2516 0.,
661 2478 693 2511 S.
717 2478 767 2510 30.
811 2478 891 2516 „Die
914 2478 1019 2510 Natur
1048 2479 1092 2509 ist
1120 2478 1170 2510 bei
1200 2478 1257 2509 den
1280 2478 1376 2508 Alten
1407 2477 1488 2507 noch
1521 2477 1608 2507 nicht
1642 2478 1674 2507 in
1702 2477 1787 2508 ihrer
1819 2476 1917 2507 tiefen
1940 2475 2217 2507 Verschiedenheit
2245 2486 2316 2507 vom

146 2532 379 2565 menschlichen
392 2530 501 2563 Geiste
524 2530 649 2562 erfasst.
695 2530 755 2561 Die
766 2529 864 2560 Alten
886 2539 988 2560 waren
1010 2529 1092 2560 noch
1114 2530 1202 2561 mehr
1225 2529 1328 2560 Natur
1349 2528 1412 2559 und
1437 2529 1567 2559 sehnten
1590 2528 1656 2559 sich
1679 2528 1811 2560 deshalb
1833 2528 1971 2568 weniger
1994 2528 2075 2559 nach
2097 2529 2207 2565 reiner,
2228 2529 2318 2560 nicht

146 2584 245 2616 durch
265 2583 323 2615 das
343 2582 477 2615 Treiben
501 2582 557 2614 der
578 2581 749 2613 Meuschen
778 2583 941 2621 gestorten
964 2581 1078 2612 Natur.
1122 2581 1173 2612 Sie
1204 2580 1336 2612 standen
1370 2580 1419 2610 ihr
1442 2580 1633 2611 namentlich
1665 2581 1696 2611 in
1730 2580 1785 2611 der
1819 2580 1955 2611 altesten
1978 2580 2048 2611 Zeit
2077 2579 2131 2610 der
2152 2579 2315 2624 Griechcn‚

145 2634 204 2666 vie
223 2633 344 2665 Kiuder
364 2632 555 2674 gegenflber,
579 2633 639 2663 mit
661 2632 821 2663 lebhafter
842 2632 963 2664 Frende
985 2643 1026 2664 an
1048 2634 1147 2664 ihrem
1170 2634 1290 2664 bunten
1313 2634 1439 2670 Glanze,
1461 2643 1500 2662 an
1523 2634 1610 2663 ihren
1634 2634 1857 2664 wunderbaren
1876 2634 2022 2671 Ferme-n,
2045 2633 2240 2663 namentlich
2262 2633 2317 2664 der

144 2694 278 2727 gresten
299 2685 570 2727 Thiergestalten,
594 2685 711 2716 welche
733 2684 784 2715 die
804 2684 964 2715 kindliche
983 2685 1156 2715 Phantasie
1178 2695 1212 2715 so
1235 2683 1357 2715 lebhaft
1378 2684 1441 2715 und
1464 2685 1650 2725 nachhaltig
1672 2695 1810 2725 erregen,
1835 2686 1895 2715 mit
1916 2683 2196 2724 liebenswfirdiger
2210 2683 2316 2716 Theil-

145 2737 260 2769 nahme
282 2736 338 2768 der
358 2737 540 2768 kindliehen
565 2736 808 2776 Wissbegierde.
851 2736 937 2767 Aber
968 2739 1013 2768 sie
1035 2737 1221 2777 empfanden
1243 2739 1324 2768 noch
1346 2737 1434 2767 nicht
1457 2737 1604 2773 deutlich
1636 2738 1708 2768 dass
1730 2739 1774 2768 sie
1798 2747 1880 2768 zwar
1902 2737 1956 2768 der
1985 2737 2187 2768 mfitterliche
2206 2736 2315 2773 Boden

144 2789 199 2826 iat,
221 2788 280 2820 aut
297 2788 368 2819 dem
390 2788 445 2819 der
469 2788 690 2819 menschliche
711 2786 802 2818 Geist
834 2788 1059 2828 urspriinglich
1081 2788 1219 2827 gedeiht,
1251 2788 1323 2818 dass
1350 2788 1450 2818 dieser
1483 2788 1549 2819 sich
1581 2789 1655 2819 aber
1687 2799 1746 2819 von
1783 2790 1897 2820 seinem
1921 2788 2048 2819 Grunde
2082 2789 2220 2819 loslosen
2251 2787 2317 2819 und

143 2840 344 2882 seih-tandig
365 2839 490 2872 werden
512 2840 605 2877 kann,
628 2850 717 2871 wenn
739 2849 774 2871 er
794 2840 876 2871 auch
897 2841 1008 2893 immet
1025 2840 1140 2871 wieder
1161 2841 1209 2871 als
1232 2841 1281 2871 ein
1297 2841 1438 2871 Antaeus
1461 2850 1514 2871 zur
1536 2841 1639 2872 Natur
1661 2840 1893 2871 zuriickkehren
1916 2850 2011 2876 muas,
2033 2849 2085 2870 um
2109 2839 2175 2870 sich
2186 2839 2315 2870 Frische

143 2892 210 2925 und
231 2892 428 2925 Gemdheit
448 2902 487 2924 zu
509 2891 707 2924 bewahrenfl‘
