2535 3077
1241 0 1304 76 ξφ

138 149 352 205 ΜΘ,
365 166 391 192 a
414 153 555 201 Phidia,
590 155 653 204 qui
678 155 779 200 Jovis
806 159 965 205 statuam
991 157 1180 206 Olympiae
1206 145 1322 202 finxit,
1328 158 1359 206 ¹)
1390 168 1504 207 usque
1537 157 1596 197 ad
1609 157 1689 197 illos
1715 169 1740 208 p

160 204 319 257 &mum
342 211 381 252 et
405 213 649 257 Vinariensea
691 215 773 262 quis
799 226 938 254 ommes
963 226 1176 253 enumerare
1214 221 1332 264 potest
1370 228 1442 262 eos,
1481 218 1544 265 qui
1570 218 1647 256 eius
1685 203 1881 269 sententiis
1913 211 2133 268 wimperto
2158 263 2166 270 ,-
2217 264 2225 267 η

120 292 123 293 ’
187 273 411 341 elegantiam
436 273 572 313 animis
597 273 830 314 accomodare
858 273 1108 314 studuerunt?

345 333 474 381 Itaque
499 344 582 370 cum
608 336 811 372 carminum
838 336 1110 373 Homericorum
1139 337 1334 374 maximam
1367 349 1447 375 esse
1473 339 1686 385 gravitatem
1714 343 1822 386 atque
1849 339 2097 377 auctoritatem
2123 339 2219 377 inter
2243 345 2371 389 omnes

191 396 386 451 cenataret,
413 393 518 432 multi
543 394 641 442 iique
668 394 864 434 doctissimi
905 395 970 433 viri
998 395 1220 444 explicandis
1246 395 1316 435 illis
1351 396 1574 436 carminibus
1600 408 1747 447 operam
1772 397 1949 436 dederunt
1987 398 2038 436 ita
2063 403 2103 435 ut
2127 405 2220 447 quae
2243 397 2291 435 de
2314 397 2377 436 eis'
2407 438 2411 441 ,
2474 389 2483 445 J

190 455 396 504 conscripta
420 457 517 498 sunt,
555 454 615 490 vix
642 454 739 491 mille
765 455 865 492 libris
892 456 1156 492 contineantur.
1205 456 1343 493 Tamen
1371 457 1460 494 haec
1486 458 1619 505 scripta
1658 458 1698 494 in
1724 458 1814 494 duas
1848 461 1969 505 partes
2007 458 2175 501 dividam,
2215 467 2368 506 quarum

193 513 444 554 alteralibros
470 514 690 563 gramaticos
716 518 752 553 et
777 516 928 561 criticos,
970 515 1084 553 altera
1108 515 1324 555 aestheticos
1355 517 1612 566 complectitur.
1666 517 1711 555 In
1738 517 1875 566 primae
1902 516 2014 566 partis
2040 517 2141 556 libris
2167 527 2210 555 ea
2236 516 2369 567 scripta

167 595 171 609 -.
194 585 357 618 numero,
384 586 479 622 quae
504 579 568 612 aut
592 575 775 623 scriptoris
813 577 920 613 verba
956 576 1238 624 correptularum
1265 577 1431 615 sordibus
1471 589 1627 626 purgare
1654 582 1715 616 aut
1754 579 1932 626 originem
1977 579 2179 616 carminum
2205 577 2369 616 Homeri-
2427 616 2429 620 ,

193 644 318 673 eorum
344 644 534 682 exponere,
563 638 625 671 aut
651 635 789 684 copiam
819 637 1008 673 verborum
1035 636 1112 683 ejus
1147 636 1325 684 explicare
1365 642 1427 674 aut
1466 649 1527 675 eas
1567 649 1635 678 res,
1664 648 1756 685 quae
1795 638 1841 674 ab
1868 637 2018 675 historia
2055 638 2231 685 petendae
2270 640 2367 681 sunt,

196 705 368 733 enarrare
395 693 529 738 volunt,
557 695 598 732 in
625 695 770 732 alterius
797 696 909 743 partis
936 708 988 740 ea,
1029 708 1122 744 quae
1149 696 1194 733 ad
1234 697 1383 735 virtutes
1425 702 1487 735 aut
1514 698 1598 735 vitia
1626 698 1679 735 vel
1706 698 1745 735 in
1784 698 1902 746 operis
1939 697 2196 747 compositione
2227 696 2290 734 -vel
2330 697 2370 735 in
2434 717 2438 720 -
2475 681 2529 743 ²²3,

195 753 479 802 uniuscuiusque
505 753 573 791 loci
600 754 717 792 verbis
744 758 779 792 et
804 756 993 793 sententiis
1020 755 1237 802 declaranda
1263 757 1458 805 pertinent.

347 813 428 850 Viri
454 813 549 850 docti
576 814 768 861 superioris
795 815 927 851 saeculi
947 820 1067 852 mente
1093 817 1242 859 incitati,
1270 828 1352 853 cum
1367 818 1568 854 minoribus
1584 819 1690 854 rebus
1709 818 1881 865 neglectis
1908 818 1953 854 ad
1973 818 2109 864 majora
2128 819 2369 864 assurgerent,

198 876 245 914 ad
270 873 490 912 aesheticam
528 874 738 921 praesertim
774 874 976 912 carminum
1003 875 1342 924 contemplationem
1382 887 1460 915 sese
1486 880 1748 914 converterunt.
1802 876 2081 915 praeclarissimi
2109 877 2371 915 Germanorum

196 937 383 987 poetarum
410 944 493 970 cum
520 944 606 970 cura
632 937 667 970 et
693 933 889 982 deligentia
927 936 1163 972 versabantur
1202 937 1241 972 in
1280 937 1314 972 vi
1351 947 1391 972 ac
1419 940 1549 973 natura
1578 937 1721 972 Homeri
1762 937 1955 983 aperienda
1994 938 2267 984 carminumque
2293 925 2370 972 arte

196 996 419 1044 exploranda
445 999 554 1042 atque
581 995 657 1042 ejus
684 1000 909 1033 venustatem
949 996 1081 1034 imitari
1122 997 1347 1035 studuerunt.
1401 997 1597 1045 Postquam
1637 999 1755 1035 autem
1798 996 1837 1035 F'.
1867 997 1911 1036 A.
1939 995 2092 1036 Wolfius
2132 1006 2229 1035 anno
2271 993 2367 1033 1795

198 1054 333 1094 librum
358 1065 464 1092 suum
497 1054 778 1104 „Prolegomena
805 1056 850 1092 ad
878 1056 1136 1103 Homerum“²)
1164 1057 1202 1093 in
1231 1057 1343 1093 lucem
1376 1058 1496 1100 edidit,
1530 1068 1713 1103 novasque
1739 1058 1841 1103 quasi
1868 1057 2088 1104 philologiae
2114 1057 2188 1093 vias
2214 1056 2371 1092 ostendit

198 1126 327 1154 omnes
353 1115 447 1152 docti
474 1116 542 1152 viri
569 1127 712 1153 summo
752 1117 870 1153 studio
911 1117 955 1153 ad
982 1117 1128 1154 Homeri
1155 1117 1319 1154 carmina
1362 1117 1483 1154 critice
1525 1116 1712 1155 tractanda
1755 1115 2011 1156 incubuerunt.
2064 1115 2165 1154 Tunc
2207 1114 2365 1164 primum

198 1175 362 1224 quaestio
389 1173 461 1220 illa,
490 1185 598 1223 quam
644 1186 742 1211 nunc
783 1186 923 1223 quoque
966 1176 1003 1212 in
1033 1176 1148 1212 medio
1193 1176 1414 1223 reliquerunt
1441 1177 1597 1213 virorum
1642 1177 1927 1214 doctissimorum
1972 1177 2102 1219 studia,
2146 1175 2279 1211 exstitit
2325 1194 2367 1200 —
2422 1213 2427 1217 ⁵

197 1235 455 1284 quaestio
482 1234 777 1272 Homerica.

352 1295 580 1342 Quamquam
606 1294 675 1331 hoc
701 1294 787 1338 loce,
816 1295 993 1343 quomodo
1021 1296 1182 1342 quaestio
1209 1296 1269 1332 illa
1305 1301 1384 1333 orta
1410 1296 1656 1344 paulatimque
1695 1300 1915 1334 commutata
1940 1297 1996 1340 sit,
2038 1296 2237 1332 accuratius
2259 1305 2370 1343 expo-

197 1366 285 1395 nere
310 1354 405 1400 nolo,
434 1358 559 1393 tamen
586 1355 684 1392 brevi
703 1355 938 1404 explicatione
964 1365 1053 1403 opus
1081 1356 1156 1399 erit,
1185 1360 1223 1392 ut
1241 1357 1496 1393 commentatio
1525 1361 1649 1393 nostra
1667 1360 1761 1393 certo
1780 1357 1937 1404 quodam
1964 1356 2100 1392 nitatur
2122 1355 2366 1392 fundamento.

351 1415 508 1455 Wolfius
535 1426 659 1454 severo
686 1427 750 1454 suo
772 1415 916 1464 judicio,
944 1426 1026 1452 cum
1053 1415 1199 1452 Homeri
1226 1416 1388 1453 carmina
1415 1416 1484 1453 illis
1511 1417 1731 1465 temporibus
1758 1416 1885 1453 litteris
1912 1428 1987 1453 non
2018 1414 2182 1453 mandari
2209 1413 2367 1463 potuisse

200 1476 405 1523 multosque
431 1475 635 1512 carminum
663 1475 758 1512 locos
785 1475 854 1513 sibi
872 1485 947 1512 non
973 1479 1137 1511 constare
1155 1476 1380 1519 ostendisset,
1413 1477 1596 1523 vulgatam
1615 1478 1832 1523 opinionem,
1861 1488 1934 1523 qua
1951 1477 1998 1513 ab
2024 1487 2121 1512 uno
2147 1475 2181 1512 H
2196 1486 2332 1512 omer
2348 1486 2369 1511 o

199 1535 286 1576 Ilias
311 1538 347 1575 et
374 1533 537 1584 Odyssea
564 1534 782 1584 compositae
808 1545 887 1573 esse
913 1535 1159 1580 credebantur,
1200 1535 1433 1573 vehementer
1467 1540 1698 1573 concusserat
1737 1539 1844 1584 atque
1883 1535 2166 1572 labefactaverat.
2220 1534 2367 1576 Herder‚

197 1595 362 1638 Schiller,
404 1595 509 1638 Voss,
558 1595 705 1636 Goethe‚
751 1596 810 1631 alii
855 1601 981 1642 poetae
1026 1597 1314 1643 praeclarissimi,
1360 1598 1490 1643 quibus
1535 1598 1580 1633 ab
1626 1608 1697 1633 uno
1729 1608 1863 1644 magno
1903 1600 2007 1644 poeta
2032 1596 2198 1633 carmina
2223 1594 2367 1632 condita

200 1666 282 1696 esse
307 1665 518 1705 persuasum
548 1658 635 1700 erat,
663 1653 784 1693 Wolfii
813 1654 1015 1693 sententiae
1041 1654 1283 1704 restiterunt³)
1311 1665 1464 1703 cumque
1491 1655 1592 1691 illum
1619 1656 1721 1702 quasi
1748 1666 1792 1691 ex
1819 1655 1941 1691 multis
1967 1655 2153 1691 elementis
2180 1658 2369 1690 consutum

200 1718 495 1763 aspernarentur,
523 1727 637 1753 unum
664 1727 792 1753 sonum
820 1726 898 1753 esse
925 1716 1032 1752 totius
1072 1716 1248 1752 sermonis
1285 1717 1510 1762 eundemque
1546 1715 1669 1752 stilum
1706 1716 1949 1761 ostenderunt,
1990 1719 2195 1763 quantoque
2222 1712 2371 1751 artificio

200 1776 242 1813 in
267 1775 429 1812 moribus
456 1774 647 1812 hominum
688 1775 857 1812 notandis
885 1775 1069 1822 animique
1110 1776 1307 1812 adfectibus
1334 1776 1572 1823 depingendis
1612 1776 1774 1812 carmina
1813 1776 1990 1819 florerent,
2031 1787 2139 1823 quam
2180 1775 2369 1811 artificiose

200 1846 324 1874 eorum
352 1838 608 1885 argumentum
636 1835 924 1883 progrederetur,
953 1846 1062 1884 quam
1090 1835 1277 1883 ingeniose
1305 1845 1429 1871 omnes
1469 1834 1534 1870 loci
1575 1835 1643 1871 sibi
1670 1838 1887 1878 constarent,
1928 1834 2105 1882 explicare
2130 1834 2248 1871 conati
2274 1836 2369 1876 sunt,

193 1897 241 1942 ,id
265 1897 363 1944 quod
388 1896 480 1933 forte
507 1900 570 1934 aut
596 1898 717 1934 multis
736 1898 877 1934 vatibus
898 1897 1104 1934 auctoribus
1123 1900 1185 1933 aut
1207 1899 1331 1944 postea
1358 1895 1459 1943 quasi
1481 1894 1633 1944 singulis
1665 1895 1881 1943 quibusdam
1910 1895 2131 1934 carminibus
2157 1893 2372 1933 consuendis

203 1954 304 1996 nullo
331 1955 437 1993 modo
464 1954 559 1994 effici
585 1956 771 2006 potuisset.
798 1976 848 1983 —
875 1956 923 1993 Et
948 1956 1041 1993 docti
1066 1956 1142 1999 viri,
1170 1955 1231 2002 qui
1260 1955 1326 1991 arti
1346 1955 1488 1990 criticae
1520 1965 1664 2001 operam
1684 1955 1868 1998 dederunt,
1889 1955 2055 1991 Welcker
2088 1965 2129 1990 ac
2160 1954 2369 2001 praesertim

203 2017 247 2057 O.
273 2016 428 2055 Mueller
455 2017 577 2054 Wolfii
619 2019 724 2066 quasi
765 2018 986 2054 atomisticae
1024 2017 1223 2054 sententiae
1251 2016 1357 2052 aliam
1386 2016 1477 2052 bene
1509 2014 1738 2052 constitutam
1767 2018 2044 2063 oppossuerunt;
2084 2025 2237 2063 quorum
2263 2023 2370 2062 quem

203 2077 362 2117 secundo
388 2077 465 2114 loco
491 2077 689 2126 posuimus,
705 2077 855 2114 Iliadem
883 2081 932 2114 et
959 2077 1156 2124 Odysseam
1184 2077 1229 2112 ab
1257 2087 1328 2112 uno
1343 2079 1379 2112 et
1396 2086 1528 2122 magno
1555 2074 1701 2122 ingenio
1728 2075 1865 2122 poetico
1880 2074 2060 2112 confectas
2075 2085 2153 2112 esse
2178 2074 2373 2112 arbitratus

203 2140 270 2176 est.
308 2157 362 2175 .—
410 2136 503 2173 'rum
530 2147 628 2174 anno
658 2137 754 2173 1837
783 2136 1064 2173 Lachmann
1105 2135 1263 2172 libellum
1292 2147 1395 2171 suum
1424 2135 1461 2171 in
1490 2134 1603 2170 lucem
1632 2134 1741 2170 edidit
1765 2133 2081 2183 „Betrachtungen
2108 2135 2196 2172 iiber
2209 2133 2373 2171 Homer's

203 2196 351 2246 llias“⁴)
379 2207 451 2245 quo
477 2196 569 2235 libro
596 2197 809 2235 Homericae
846 2197 1046 2245 quaestioni
1075 2196 1192 2239 talem,
1237 2194 1380 2243 qualem
1408 2197 1492 2231 ante
1519 2193 1690 2231 Wolfium
1732 2205 1837 2231 nemo
1879 2193 2060 2242 inpulsum
2096 2193 2263 2231 admovit.
2312 2193 2372 2241 ⁴Ex

203 2259 283 2309 ipsa
308 2259 422 2297 Iliade
448 2259 606 2296 sedecim
633 2258 847 2307 principalia
866 2257 1027 2294 carmina
1046 2256 1149 2303 quasi
1169 2256 1335 2299 exsecuit,
1365 2266 1455 2302 quae
1482 2255 1543 2291 diu
1564 2259 1684 2291 vatum
1703 2266 1868 2292 sermone
1885 2255 2078 2292 memoriae
2096 2253 2226 2291 tradita
2252 2253 2374 2301 itaque
2442 2272 2443 2275 =
2506 2243 2513 2247 ”

201 2325 370 2370 corrupta
396 2331 439 2358 ac
464 2320 659 2369 depravata
688 2319 872 2357 Pisistrato
900 2321 1079 2366 regnante
1107 2317 1144 2354 in
1172 2316 1295 2354 Iliadis
1322 2320 1465 2353 nostrae
1492 2316 1646 2353 formam
1672 2316 1816 2353 redacta
1841 2320 1971 2354 essent.

353 2381 410 2418 Ex
435 2380 496 2417 illo
523 2383 685 2427 tempore
711 2380 743 2415 ei
771 2379 864 2415 docti
892 2378 968 2421 viri,
999 2378 1058 2424 qui
1087 2377 1232 2414 Homeri
1274 2374 1495 2414 carminibus
1522 2387 1667 2424 operam
1694 2377 1879 2420 dederunt,
1920 2376 1958 2413 in
1987 2379 2057 2413 tres
2096 2379 2217 2424 partes
2242 2375 2373 2413 disces-

204 2444 341 2480 serunt.
368 2440 441 2477 Alii
467 2440 564 2477 enim
605 2442 761 2476 veterem
802 2438 900 2475 illam
941 2437 985 2473 de
1013 2437 1167 2473 Homero
1208 2436 1414 2484 opinionem
1455 2448 1476 2472 a
1502 2436 1633 2473 Wolfio
1667 2436 1917 2473 labefactatam
1961 2438 2271 2480 conservaverunt,
2312 2435 2372 2472 alii

200 2499 479 2539 Lachmannum
507 2498 619 2536 secuti
635 2502 731 2541 sunt,
760 2497 820 2534 alii
847 2498 886 2535 in
903 2497 1018 2534 medio
1038 2497 1286 2534 constiterunt.
1314 2497 1370 2533 Ab
1385 2496 1455 2533 alia
1473 2499 1575 2544 parte
1601 2499 1673 2532 stat
1699 2495 2042 2544 Naegelsbach
2069 2494 2371 2544 (Anmerkungen

370 2607 397 2647 ι)
420 2608 563 2649 Lessing,
586 2607 736 2639 Laokoon
759 2606 862 2638 XXII.

373 2659 403 2698 ²)
427 2660 657 2701 Ptolegomena
678 2659 720 2692 ad
741 2659 914 2691 Homerum
937 2659 1001 2689 sive
1023 2658 1061 2690 de
1084 2668 1211 2699 operum
1234 2658 1470 2689 Homericorum
1503 2657 1608 2698 prisca
1631 2659 1663 2688 et
1685 2657 1820 2696 genuina
1841 2656 1945 2688 forma
1966 2656 2120 2696 variisque
2142 2656 2372 2688 mutationibus

202 2714 237 2745 et
256 2711 417 2754 probabili
439 2712 564 2743 ratione
586 2710 785 2742 emendandi.
829 2710 964 2750 Scripsit
989 2709 1092 2741 Fried.
1110 2710 1191 2750 Aug.
1215 2706 1355 2740 Wolfius.
1399 2709 1492 2740 Halis
1515 2709 1673 2739 Saxonum
1696 2708 1785 2740 1795.

372 2763 399 2803 ⁸)
419 2762 486 2796 ctr.
507 2762 545 2795 G.
567 2763 706 2803 Curtius,
729 2762 962 2802 Andeutungen
985 2761 1061 2793 uber
1084 2761 1143 2793 den
1164 2761 1422 2802 gegenwartigen
1445 2759 1546 2792 Stand
1576 2758 1631 2790 der
1652 2759 1868 2791 homerischen
1891 2759 2004 2799 Frage.
2038 2777 2076 2782 —
2113 2757 2296 2790 Zeitschrift
2317 2757 2371 2789 ffir

204 2816 424 2849 mer-osten.
445 2815 648 2856 Gymnasien,
673 2815 711 2846 V.
735 2815 766 2846 S.
790 2815 819 2845 5.

370 2866 398 2906 ⁸)
419 2866 481 2898 uit
503 2866 658 2898 Zusatzen
679 2876 741 2898 von
764 2865 879 2897 Moritz
903 2864 1020 2905 Haupt.
1043 2864 1159 2896 Zweite
1180 2864 1322 2905 Auflage,
1345 2864 1452 2895 Berlin
1476 2864 1555 2895 1865
