2535 3077
1224 66 1268 103 17

303 188 534 233 limum
555 193 676 231 autem
710 189 845 237 quique
884 186 982 226 illius
1025 171 1246 236 temporibus
1292 188 1457 225 vixerunt
1499 197 1573 223 ιιοιι
1610 185 1725 223 solum
1768 186 1997 234 tranquillam
2030 185 2325 234 voluptatumque

152 248 313 304 m
328 242 429 293 iet}
431 250 553 289 ‘etiam
559 248 763 301 permultis
805 247 960 305 negotiis
1005 246 1234 297 molestiaque
1277 246 1458 285 laboribus
1485 246 1728 284 abundantem
1754 246 1864 283 vitam
1891 245 2042 295 degisse,
2085 245 2197 283 altera
2240 256 2324 295 pars

160 306 476 381 epfflmtionum
501 319 649 348 enarum
674 319 741 346 nos
772 309 884 354 docet,
924 318 1017 357 quae
1043 308 1088 362 ad
1113 318 1172 346 res
1197 307 1378 360 humanas
1412 307 1645 354 humanaque
1678 307 1823 356 negotia
1857 306 2051 355 pertinent.
2103 307 2196 354 Quot
2228 317 2326 347 com·

139 364 369 421 'parationes
407 373 596 408 versantur
639 370 680 407 in
721 370 828 407 rebus
867 369 1076 417 sanguineis
1113 369 1341 415 cruentisque
1379 367 1481 405 bellis
1525 367 1782 420 depingendis!
1835 367 1927 415 Quot
1964 368 2071 405 urbes
2098 367 2324 408 obsidentur

167 414 495 483 oppugnanturqfie
521 431 584 467 aut
608 428 870 467 defenduntur!
896 427 1037 476 quoties
1062 427 1228 475 ingentes
1256 426 1429 464 exercitus
1457 426 1614 463 maxima
1640 426 1867 464 conclamant
1892 427 1992 463 voce!

216 504 219 507 ’
319 492 376 530 Ex
403 492 550 530 Homeri
577 490 902 539 comparationibus
928 490 999 526 duo
1026 489 1213 526 hominum
1241 500 1374 536 genera
1400 489 1567 536 cognosci
1596 491 1757 536 possunt,
1784 497 1935 535 quorum
1962 487 2124 532 alterum,
2151 491 2323 536 pastores,

142 539 367 598 ‘venatui-es,
394 548 599 600 piscatores,
626 549 803 599 agricolae
828 550 914 594 ruri,
942 550 1103 594 alterum,
1131 550 1225 587 cives
1251 550 1289 587 in
1316 549 1464 587 urbibus
1491 549 1667 586 habitant.
1721 548 1854 594 Gentes
1880 559 2029 597 graecae
2055 548 2202 586 Homeri
2236 552 2325 586 tem-

122 611 130 620 ”
168 612 316 661 poribus
340 612 408 650 etsi
442 611 558 649 cultus
590 607 903 657 humanitatisque
942 610 1137 658 primordia
1172 611 1249 658 jam
1291 610 1350 646 diu
1377 620 1542 657 egressae
1568 613 1662 652 sunt,
1699 612 1820 646 tamen
1855 610 2089 657 posteriorum
2122 613 2322 658 temporum

167 666 332 722 politiore
352 671 453 713 'cultu
481 670 792 718 illustrissimoque
830 669 1019 717 splendore
1057 671 1131 718 jam
1177 673 1379 707 caruerunt.
1432 669 1566 706 Omnes
1611 680 1751 711 summo
1796 669 1912 706 studio
1939 669 2176 717 agriculturae
2202 669 2326 717 reique

168 733 357 783 pecuariae
383 743 527 781 operam
554 732 652 778 dant,
679 742 772 780 quae
798 730 941 779 quidem
983 731 1100 768 studia
1140 730 1295 779 singulis
1335 729 1540 768 hominibus
1581 729 1722 767 divitias
1763 733 1796 766 et
1835 728 1988 767 honores
2029 732 2249 778 comparant,
2288 731 2328 766 ut

55 826 60 840 .
134 794 141 800 ’
168 793 373 847 πολύαρνος
399 792 459 840 (11.
487 791 532 836 11,
555 791 643 839 106)
670 795 705 829 et
730 791 943 844 πολύμηλος
970 791 1056 838 ipsis
1092 792 1239 839 regibus
1266 790 1627 827 honorificentissima
1652 790 1725 826 sint
1755 791 1981 837 cognomina.
2024 790 2157 827 Omnes
2183 791 2330 827 student

169 856 211 890 ut
236 863 405 900 agrorum
433 852 675 900 possessiones
702 852 886 899 accipiant,
914 854 949 888 et
976 850 1031 888 vel
1058 851 1207 887 minima
1243 854 1358 887 terrae
1391 861 1473 897 pars
1503 849 1560 896 (Il.
1591 849 1669 893 XII,
1697 850 1788 897 422)
1827 850 1983 887 maximo
2024 851 2136 897 pretio
2175 853 2327 890 constat.

166 912 246 951 Duo
273 912 347 950 fere
372 912 469 961 nigri
497 912 590 950 tauri
617 911 752 950 vehunt
778 914 955 956 aratrum;
984 909 1112 948 collum
1140 922 1262 948 eorum
1291 911 1375 959 iugo
1404 910 1577 959 premitur
1606 909 1662 957 (ΙΙ.
1689 908 1788 954 XIII,
1815 909 1903 946 705.
1921 908 2043 946 XVIII
2069 909 2171 959 543).
2204 909 2327 946 Solum

170 984 313 1010 vomere
339 972 488 1016 sulcant,
523 973 745 1010 frumentum
771 972 936 1009 deterunt
979 970 1188 1019 moluntque
1215 975 1356 1019 postea;
1400 970 1628 1008 ventilatores
1671 970 1708 1007 in
1755 981 1838 1007 area
1863 973 2021 1018 purgant
2064 971 2218 1007 triticum
2246 970 2328 1007 latis

168 1032 260 1083 palis
285 1032 348 1083 (11.
375 1032 419 1078 V,
444 1034 530 1081 499.
558 1032 657 1078 XIII,
684 1032 787 1080 588).
840 1034 965 1079 Aquae
991 1031 1234 1080 perducuntur
1270 1031 1314 1068 ad
1339 1030 1489 1068 humum
1519 1030 1743 1079 irrigandam
1772 1041 1994 1079 aggeresque
2021 1034 2261 1073 exstruuntur,
2289 1034 2330 1068 ut

169 1093 319 1130 flumina
345 1092 603 1141 prohibeantur
627 1092 853 1129 inundantia.
906 1091 991 1128 Vita
1033 1095 1151 1128 aut-em
1181 1092 1333 1139 agrestis
1373 1102 1446 1127 ιιοιι
1487 1091 1603 1127 solum
1630 1091 1857 1138 agricultura,
1903 1102 1941 1127 re
1981 1091 2155 1139 pecuaria,
2200 1091 2328 1128 vitium

170 1152 309 1192 cultura
335 1152 520 1191 delectavit
540 1152 854 1200 jucunditatesque
896 1150 1073 1199 praebuit,
1117 1151 1177 1188 sed
1223 1151 1410 1188 venatione
1437 1150 1543 1188 etiam
1590 1162 1742 1199 magnas
1786 1150 1904 1188 attulit
1948 1150 2157 1199 voluptates.
2211 1150 2328 1189 Silvae

172 1212 279 1256 enim,
309 1215 422 1249 terras
448 1212 555 1260 longe
581 1212 836 1249 obumbrantes
862 1211 990 1258 plenae
1017 1215 1120 1248 erant
1146 1211 1381 1260 plurimarum
1408 1212 1613 1255 bestiarum,
1652 1222 1743 1258 quae
1769 1222 1849 1248 cum
1884 1223 2017 1259 magno
2045 1212 2164 1249 dolore
2192 1213 2328 1260 agrico-

172 1271 290 1308 larum
316 1271 355 1308 in
377 1271 541 1319 jumenta
567 1271 818 1314 incursabant;
846 1271 883 1308 in
911 1271 1040 1318 quibus
1067 1271 1174 1307 etiam
1202 1271 1323 1307 leones
1350 1271 1506 1306 fuerunt.
1561 1270 1598 1306 Si
1640 1271 1724 1316 quid
1765 1271 1858 1319 quod
1900 1271 1938 1307 in
1977 1271 2141 1307 venando
2181 1271 2326 1315 accidat,

171 1331 351 1369 Homerus
378 1330 554 1375 describit,
583 1333 685 1367 tanta
711 1330 824 1367 utitur
841 1330 1027 1379 diligentia
1045 1333 1080 1367 et
1097 1342 1190 1375 cura,
1219 1334 1260 1367 ut
1279 1341 1422 1367 necesse
1440 1329 1495 1373 sit,
1517 1341 1582 1365 nos
1609 1340 1689 1366 eum
1709 1334 1911 1366 venatorem
1933 1330 2042 1367 fuisse
2062 1330 2327 1395 bestiarumque

173 1391 284 1429 vitam
310 1391 462 1440 propriis
489 1390 698 1439 saepissime
724 1390 834 1428 oculis
860 1391 990 1428 vidisse
1017 1394 1151 1439 putare.
1205 1391 1301 1428 Nam
1328 1401 1546 1438 quamquam
1575 1394 1722 1435 constat,
1763 1391 1823 1427 illa
1849 1391 1954 1428 etiam
1984 1392 2108 1429 auditu
2148 1376 2329 1439 comperta

176 1450 310 1488 habere
335 1451 491 1499 potuisse
516 1451 724 1495 Homerum,
752 1451 782 1487 si
809 1454 984 1487 maestum
1012 1451 1190 1498 mugitum
1218 1462 1369 1499 gregum
1396 1451 1563 1487 describit
1598 1451 1720 1487 subole
1759 1453 1988 1499 privatorum,
2029 1452 2082 1488 vel
2122 1454 2152 1489 si
2192 1457 2326 1498 narrat,

176 1523 281 1559 apros
323 1512 485 1550 dentium
522 1511 614 1549 sicas
641 1522 821 1556 exacuere,
864 1511 1070 1559 priusquam
1113 1521 1220 1548 canes
1261 1510 1469 1554 incursant,
1522 1509 1694 1559 luposque
1734 1511 1885 1559 praedae
1929 1512 2094 1549 aviditate
2133 1517 2327 1553 commotos

172 1572 281 1610 etiam
308 1571 481 1610 cadavera
506 1571 700 1616 comedere,
742 1574 862 1608 tamen
889 1571 994 1608 modo
1020 1572 1061 1616 is,
1104 1571 1166 1619 qui
1193 1571 1325 1608 bestias
1364 1570 1443 1608 illas
1482 1571 1558 1619 ipse
1586 1572 1683 1616 vidit,
1729 1583 1789 1609 eas
1829 1576 1902 1609 tam
1944 1577 2106 1610 accurate
2132 1574 2327 1622 depingere

171 1636 307 1680 potest,
347 1636 388 1669 ut
425 1633 601 1670 Homerus
641 1632 793 1669 leonem.
845 1634 905 1668 An
952 1643 1025 1668 non
1065 1637 1119 1669 est
1159 1631 1338 1675 mirabile,
1379 1632 1574 1668 Homerum
1616 1643 1688 1669 non
1729 1632 1843 1669 solum
1870 1634 2166 1681 magnitudinem,
2207 1636 2327 1679 robur,

174 1691 419 1730 fortitudinem
445 1692 508 1730 sed
534 1691 642 1729 etiam
668 1690 869 1729 cautionem
908 1690 1021 1728 leonis
1063 1691 1288 1728 memorare?
1335 1702 1416 1728 eum
1435 1702 1509 1728 non
1535 1690 1712 1740 effugisse,
1739 1691 1878 1730 leonem
1910 1695 2049 1730 tantum
2076 1694 2171 1731 {ame
2196 1695 2231 1732 et
2269 1695 2329 1733 siti

176 1756 341 1789 vexatum
389 1753 511 1788 omnia
556 1752 709 1796 audere,
756 1752 871 1788 lucem
913 1751 1171 1799 hominumque
1208 1762 1328 1788 vocem
1361 1752 1540 1795 aversari,
1589 1752 1781 1788 insatiabili
1817 1754 2007 1800 cupiditate
2043 1755 2256 1801 sanguinem
2296 1759 2332 1791 et

174 1813 310 1850 viscera
336 1812 580 1861 jumentorum
621 1812 789 1849 devorare
827 1811 968 1860 aliaque
1008 1810 1121 1849 talia?
1173 1811 1370 1849 Venatores
1407 1811 1445 1849 in
1483 1812 1648 1849 venando
1684 1813 1816 1850 bestias
1851 1813 2003 1861 cingunt
2041 1812 2123 1861 (od.
2150 1813 2210 1859 IV,
2241 1815 2330 1864 792)

173 1872 340 1919 aptisque
366 1875 402 1909 et
427 1871 611 1919 pantheris
638 1872 784 1909 insidias
811 1874 963 1908 struunt.
1017 1872 1139 1908 Pisces
1168 1875 1286 1908 autem
1313 1872 1502 1919 capiuntur
1528 1873 1664 1908 retibus
1690 1873 1764 1908 sive
1791 1872 1907 1909 hamis
1925 1875 2135 1920 praeacutis,
2163 1876 2330 1922 captique

176 1933 423 1982 percutiuntur
443 1932 548 1971 hasta
563 1931 620 1982 (Il.
638 1932 699 1978 VI,
715 1932 799 1978 405,
815 1931 933 1977 Od.X,
951 1931 1056 1981 124);
1084 1931 1198 1969 turdis
1225 1942 1366 1980 quoque
1392 1935 1428 1969 et
1453 1930 1627 1969 columbis
1655 1929 1786 1980 laques
1799 1932 1994 1971 tenduntur
2013 1932 2092 1983 (Od.
2108 1932 2223 1973 XXII.
2240 1934 2330 1985 302)

172 1997 208 2029 et
226 1993 424 2040 aquilarum
444 1993 531 2041 pulli
550 1992 748 2030 involucres
766 2003 810 2029 ex
827 1993 921 2029 nidis
941 1993 1093 2040 exempti
1113 1992 1198 2041 (Od.
1213 1992 1308 2035 XVI,
1327 1992 1417 2040 216)
1437 1996 1472 2028 et
1494 1993 1538 2028 ad
1557 2003 1639 2029 aves
1659 1994 1887 2040 aucupandas
1905 1994 2144 2031 condocefacti
2165 1996 2331 2033 videntur

175 2052 259 2100 (Od.
277 2052 393 2098 XXII,
413 2052 513 2102 302).
533 2074 582 2080 —
610 2052 700 2090 Cum
720 2052 789 2090 alia
806 2052 999 2090 domestica
1017 2063 1153 2101 pecora,
1176 2056 1252 2089 tum
1271 2052 1479 2101 praesertim
1499 2063 1611 2090 canes
1628 2052 1769 2101 saepius
1788 2058 2122 2092 commemorantur.
2159 2054 2332 2095 Videmus

176 2124 236 2151 eos
253 2114 400 2151 comites
420 2113 644 2151 fidelissimos
662 2118 697 2150 et
714 2116 897 2161 pastorum
915 2116 951 2149 et
969 2117 1195 2156 venatorum;
1220 2113 1384 2160 luporum
1404 2113 1557 2160 impetus
1578 2124 1600 2149 a
1618 2114 1788 2161 gregibus
1807 2114 1993 2162 repulsant
2011 2126 2191 2163 nasusque
2209 2127 2332 2154 eorum

177 2184 326 2223 sagaces
353 2173 505 2223 vestigia
530 2173 723 2211 bestiarum
751 2173 907 2210 ferarum
935 2173 1105 2210 sentiunt.
1158 2172 1285 2220 Neque
1324 2175 1445 2210 tamen
1472 2173 1585 2217 toties,
1634 2174 1771 2221 quoties
1815 2177 1939 2222 putare
1981 2178 2106 2222 potest,
2154 2186 2267 2224 equus
2293 2177 2333 2215 in

177 2234 504 2282 comparationibus
522 2237 681 2281 apparet,
701 2233 766 2279 Qui
785 2245 864 2269 cum
885 2234 922 2269 in
941 2234 1050 2270 tantis
1068 2234 1193 2270 fuisset
1206 2234 1417 2277 honoribus,
1437 2243 1475 2270 ut
1489 2245 1534 2271 ne
1550 2236 1729 2282 principes
1745 2236 1887 2282 quidem
1902 2246 2094 2282 eorumque
2109 2248 2236 2274 uxores
2250 2249 2331 2274 eum

177 2293 292 2331 colere
318 2293 533 2337 dubitarent,
561 2304 678 2340 neque
705 2293 747 2330 ad
776 2304 902 2341 agrum
930 2293 1116 2330 colendum
1137 2304 1252 2341 neque
1273 2294 1366 2341 quod
1387 2294 1513 2331 Graeci
1534 2305 1605 2331 non
1636 2298 1675 2331 ut
1693 2295 1834 2332 barbari
1854 2305 1942 2343 gens
1964 2295 2333 2344 quaedam'equestn's

183 2356 305 2398 erant,
346 2352 389 2389 ad
418 2352 549 2388 bellum
577 2352 773 2400 gerendum
802 2351 983 2388 adhibitus
1023 2355 1096 2396 est,
1139 2364 1256 2400 neque
1295 2354 1332 2389 in
1372 2354 1561 2390 venatione
1602 2354 1777 2402 profuisse
1816 2355 1877 2390 sed
1916 2355 2144 2402 impedivisse
2182 2357 2331 2394 videtur.

179 2414 294 2459 Quam
321 2414 366 2449 ob
393 2424 469 2449 rem
495 2414 534 2449 in
561 2414 887 2460 comparationibus
913 2414 1120 2459 saepissime
1147 2417 1181 2449 et
1210 2414 1463 2460 quadrigarum
1493 2418 1527 2450 et
1554 2415 1720 2461 biga-rum
1749 2415 1880 2450 mentio
1913 2415 1954 2450 fit
1981 2415 2024 2451 ad
2044 2415 2146 2452 ludos
2173 2405 2333 2463 publicos

178 2472 445 2520 curiculumque
472 2482 643 2520 equorum
671 2471 923 2510 adhibitarum.
955 2472 1013 2520 (11.
1044 2472 1123 2517 XX,
1151 2473 1210 2517 23,
1243 2472 1334 2517 162;
1361 2472 1492 2518 XXIII,
1521 2474 1593 2510 517
1622 2484 1701 2521 sqq.
1729 2472 1792 2510 Od.
1820 2473 1917 2518 XIII,
1945 2475 2004 2519 81,
2034 2474 2147 2524 alibi).

329 2534 516 2571 Pauciores
543 2534 620 2578 loci,
649 2545 756 2581 quam
784 2534 830 2571 ad
855 2535 964 2571 vitam
991 2538 1173 2582 pastorum
1202 2537 1483 2581 venatorumque
1511 2534 1691 2581 pertinent
1711 2534 1755 2570 ad
1775 2534 1883 2570 vitam
1898 2535 2040 2571 civium.
2069 2535 2249 2582 Quantum
2269 2548 2334 2574 nos

177 2593 320 2640 quidem
357 2593 394 2629 id
420 2593 613 2641 dijudicare
638 2605 838 2641 possumus,
867 2597 942 2630 tum
960 2594 1197 2641 paucissimae
1216 2598 1323 2630 erant
1348 2594 1455 2630 urbes
1482 2597 1516 2630 et
1534 2593 1612 2630 vici.
1666 2594 1920 2641 Unusquisque
1947 2595 2042 2632 enim
2062 2607 2159 2633 more
2174 2600 2332 2634 veterum

178 2651 441 2690 Germanorum
467 2653 562 2690 circa
587 2653 733 2691 domum
760 2664 860 2691 suam
889 2652 1025 2698 habuit,
1053 2653 1291 2701 quodcunque
1318 2652 1487 2691 silvarum
1525 2656 1560 2690 et
1585 2664 1792 2702 camporum
1818 2654 2032 2702 possidebat,
2073 2655 2195 2704 itaque
2221 2656 2333 2693 domi-

177 2712 259 2749 cilia
284 2713 407 2750 omnia
433 2713 526 2751 inter
564 2725 602 2751 se
641 2713 749 2762 longe
774 2714 966 2752 distabant.
1020 2714 1095 2761 Quo
1122 2713 1174 2757 fit,
1220 2719 1260 2751 ut
1298 2713 1389 2751 nihil
1416 2714 1489 2751 fere
1528 2714 1713 2751 audiamus
1753 2714 1796 2750 de
1834 2715 2047 2763 expugnatis
2088 2716 2333 2764 incendiisque

176 2772 302 2809 deletis
329 2772 489 2811 urbibus.
540 2773 699 2822 Majores
725 2774 852 2810 domus
888 2777 941 2810 ter
968 2774 1072 2810 modo
1109 2775 1658 2828 commemorantu1·(6a5poeva;
1712 2775 1752 2812 ll.
1795 2775 1889 2817 XVI,
1931 2777 2025 2820 213;
2067 2776 2199 2821 XXIII,
2241 2778 2331 2821 713;

178 2831 308 2884 XXIV,
338 2830 447 2881 317);
475 2833 616 2881 saepius
645 2837 763 2870 autem
783 2832 969 2887 σταθμός,
999 2832 1193 2887 μέσαυλος,
1224 2833 1333 2881 αὐλή,
1362 2845 1453 2882 quae
1493 2836 1636 2883 quidem
1672 2835 1782 2872 latina
1820 2834 1946 2883 lingua
1984 2835 2089 2872 villae
2116 2840 2210 2873 sunt.
2264 2836 2333 2873 Sed

175 2892 285 2929 etiam
315 2895 471 2929 secretae
505 2904 527 2929 a
553 2892 717 2931 domibus
744 2893 900 2931 vicorum
928 2893 1035 2943 longe
1061 2894 1238 2933 distantes
1267 2906 1371 2933 casae
1398 2907 1418 2932 a
1443 2895 1564 2933 multis
1593 2895 1801 2933 habitantur
1827 2895 1889 2942 (ab
1918 2895 2086 2940 Eumae0,
2117 2895 2330 2941 Melanthio,

2132 2956 2152 2986 3
