2535 3077
14 163 41 178 '‘
168 166 349 221 suffigi*
372 173 585 221 persecutus
612 173 677 216 est,
704 169 775 208 hac
799 170 840 209 in
865 181 905 208 re
929 170 1100 208 comunis
1124 173 1221 215 sunt,
1248 169 1430 208 illustrare
1455 168 1546 208 mihi
1571 169 1705 217 liceret,
1745 172 1868 210 tamen
1886 179 2016 214 nune

141 222 145 228 ¹
188 228 285 272 silio
297 229 388 269 mihi
416 231 679 269 desistendum
691 236 758 269 est.
786 230 839 269 Ut
863 241 949 268 vero
974 231 1083 268 etiam
1123 234 1229 279 gutta
1254 241 1401 279 aequae,
1441 230 1516 269 sole
1554 230 1772 277 collustrata,
1816 232 1987 272 totius
2006 230 2098 274 ⁸613!
2116 260 2133 271 .

169 290 325 342 'imegm
351 291 406 331 sic
429 291 566 337 otiam„
578 291 610 331 si
637 291 682 330 de
707 294 811 341 parte
837 292 944 330 modo
958 291 1170 330 Homericae
1197 292 1285 330 artis
1311 291 1496 338 disseram,
1524 295 1702 342 quantum
1731 292 1865 342 ubique
1889 292 1931 332 in
1947 292 2009 332 eis
2032 284 2321 338 carmm'bn!
2281 338 2311 347 g

189 352 332 401 gutiae
355 356 392 390 et
416 353 627 397 venustatis,
655 353 760 389 iacile
784 352 878 389 effici
904 363 1011 400 posse
1035 363 1150 399 spero.
1205 353 1401 400 Praecipue
1437 357 1558 390 autem
1584 353 1762 391 Homerus
1801 354 1971 391 omnibus
2010 364 2089 392 non
2111 339 2231 394 solum
2247 313 2368 398 Grae-

189 417 315 451 corum
341 412 407 451 sed
431 412 540 450 etiam
567 411 731 449 omnium
758 411 912 448 aliarum
938 411 1102 459 gentium
1130 411 1243 460 poetis
1271 411 1462 460 splendore
1489 412 1646 461 quodam
1672 415 1708 450 et
1734 413 1851 451 nitore
1892 412 2066 452 orationis
2090 415 2259 463 praestat,
2292 404 2400 462 qui-

189 473 232 512 in
256 485 296 512 re
321 485 429 511 nemo
455 484 631 521 umquam
657 484 739 510 eum
767 473 990 520 adaequavit.
1043 473 1170 520 Itaque
1205 473 1373 518 Pindaro,
1390 472 1579 521 Sophocli,
1608 473 1759 518 Platoni,
1804 485 1947 523 semper
1985 478 2026 512 ut
2063 474 2109 512 ad
2147 472 2364 513 imitandum

191 534 415 583 propositum
442 533 626 583 exemplar
652 537 736 571 ante
769 533 891 570 oculos
917 533 1127 570 versabatur
1166 537 1202 569 et
1227 536 1354 581 poetae
1381 536 1416 570 et
1442 533 1536 569 docti
1564 533 1629 570 viri
1657 534 1820 571 omnium
1849 538 2048 583 temporum
2075 537 2263 572 venustate
2288 534 2368 572 eius

189 594 286 642 capti
312 594 409 642 pleni
434 591 541 632 erant
565 594 813 631 admirationis
839 596 876 630 et
900 593 1034 630 amoris
1061 593 1148 640 ejus.
1202 594 1300 630 Nam
1326 604 1408 630 cum
1448 597 1533 630 ante
1566 595 1689 632 omnia
1715 595 1855 632 dicendi
1895 605 2011 643 genus
2050 594 2095 632 ad
2133 586 2363 642 elegantiam,

188 653 427 703 splendorem,
455 654 611 702 gratiam
638 654 797 702 poeticae
823 653 911 690 artis
938 653 1125 701 pertineat,
1155 654 1285 690 mirum
1320 665 1394 691 non
1421 658 1485 698 est,
1523 655 1619 701 quod
1646 655 1755 691 etiam
1782 654 1970 698 Homerus,
2019 654 2079 701 qui
2119 653 2214 691 inter
2238 664 2365 691 omnes

187 717 313 764 poetas
338 713 482 751 dicendi
504 715 643 762 ‘genere
687 713 984 762 praeclarissimo.
1030 712 1302 761 elegantissimo
1348 714 1573 762 maximeque
1617 714 1764 752 sublimi
1808 715 1957 760 excellit,
2004 715 2172 754 omnibus
2214 714 2366 755 saeculis

185 775 339 813 summis
365 774 534 811 laudibus
561 778 757 810 exornatus
785 777 821 810 et
846 785 868 809 a
895 774 1111 810 doctissimis
1138 774 1224 810 viris
1251 786 1325 810 non
1352 774 1465 810 solum
1487 775 1644 822 priorum
1675 776 1738 812 sed
1765 775 1872 812 etiam
1900 776 2138 813 recentiorum
2164 779 2366 824 temporum

188 835 237 874 ad
261 838 370 881 aetra,
397 838 439 873 ut
464 836 515 873 ita
542 835 659 872 dicam
689 834 852 872 sublatus
878 838 944 871 est.
999 834 1036 871 Si
1063 834 1173 882 igitur
1201 833 1352 870 aliorum
1380 835 1499 871 studia
1527 840 1680 878 secutus.
1726 835 1770 871 de
1799 835 1944 872 Homeri
1970 847 2104 884 genere
2125 836 2269 874 dicendi
2295 836 2369 875 dis-

192 907 312 934 seram
338 895 406 933 hoc
433 896 521 938 loco,
549 897 585 933 id
614 896 703 933 mihi
730 907 805 933 non
832 896 946 933 solum
977 895 1129 932 multum
1157 895 1305 931 habebit
1331 895 1533 943 voluptatis,
1569 897 1632 933 sed
1660 896 1768 932 etiam
1796 896 1943 933 Homeri
1983 897 2202 934 carminibus
2240 896 2369 935 melius

192 956 416 1005 explicandis
427 956 635 1004 rectiusque
660 955 899 1004 dijudicandis
925 955 1085 1003 aliquam
1112 953 1238 992 afferat
1256 954 1456 993 utilitatem.
1512 955 1581 993 Sed
1608 967 1689 993 eum
1718 966 1792 993 non
1811 955 1855 993 de
1873 967 2041 994 universa
2059 957 2153 1005 apud
2173 948 2376 995 Homerum

194 1016 337 1055 dicendi
362 1018 503 1054 ratione
530 1017 726 1065 disputare
744 1015 834 1053 mihi
861 1016 975 1058 liceat.
1005 1016 1048 1052 de
1067 1014 1233 1063 epithetis
1262 1016 1366 1052 modo
1394 1016 1618 1059 ornantibus,
1647 1026 1738 1063 quae
1758 1019 1940 1061 vocantur,
1968 1016 2013 1054 de
2030 1017 2368 1065 comparationibus,

190 1077 238 1114 de
262 1076 564 1125 descriptionibus
592 1088 711 1123 agam,
739 1076 867 1113 ceteris
893 1076 1041 1123 poeticis
1068 1075 1302 1117 ornamentis,
1332 1076 1555 1112 orationibus
1582 1075 1732 1122 aliisque
1759 1076 1865 1112 rebus
1891 1076 2083 1121 ommissis,
2110 1076 2218 1124 idque
2255 1088 2368 1114 unum

189 1137 351 1180 studebo,
380 1140 421 1174 ut
448 1147 668 1184 quamquam
696 1134 766 1172 hac
792 1135 830 1172 in
858 1136 946 1171 urbe
973 1133 1188 1171 bibliotheca
1215 1145 1289 1170 non
1317 1134 1478 1181 adjuvor,
1516 1133 1573 1171 his
1600 1134 1644 1170 de
1672 1134 1778 1171 rebus
1806 1134 1912 1182 plane
1938 1139 1973 1172 et
1999 1134 2151 1172 dilucide
2177 1136 2366 1184 disputem.

1005 1246 1061 1287 oe
1094 1244 1288 1300 epithetis
1321 1244 1568 1287 ornantibus.

344 1316 477 1355 Omnia
503 1315 662 1366 epitheta
701 1315 909 1353 dividuntur
934 1315 972 1351 in
999 1317 1118 1362 partes
1145 1313 1245 1350 duas.
1301 1313 1393 1350 Sunt
1437 1313 1534 1349 enim
1562 1311 1719 1360 epitheta
1761 1316 1822 1350 aut
1856 1313 2058 1350 necessaria
2083 1316 2146 1350 aut
2187 1315 2365 1352 ornantia.

192 1378 372 1428 Epithetis
398 1377 614 1416 necessariis
653 1377 691 1414 in
719 1376 869 1413 dicendo
904 1376 1003 1413 etin
1029 1375 1229 1417 scribendo,
1271 1375 1308 1411 in
1349 1374 1508 1411 oratione
1552 1373 1668 1410 soluta
1707 1379 1741 1410 et
1768 1374 1805 1410 in
1845 1374 1942 1422 poesi
1983 1374 2193 1423 saepissime
2218 1375 2364 1414 utimur.

191 1439 348 1477 Notatur
373 1438 475 1475 enim
503 1437 566 1482 eis,
594 1447 665 1484 quo
693 1436 798 1473 modo
823 1446 1040 1483 unoquoque
1066 1434 1237 1482 temporis
1265 1438 1446 1470 momento
1476 1437 1537 1470 aut
1554 1433 1719 1470 homines
1747 1437 1809 1470 aut
1835 1444 1892 1471 res
1919 1445 1997 1471 sese
2023 1434 2193 1472 habeant.
2225 1435 2366 1473 Ornan-

194 1499 290 1537 tibus
316 1497 484 1547 epithetis
513 1500 634 1534 autem
661 1500 787 1544 poetae
813 1496 919 1533 modo
958 1507 1044 1532 usus
1084 1499 1119 1531 et
1146 1495 1332 1531 arbitrium
1363 1495 1482 1531 utitur.
1537 1494 1603 1530 Illa
1643 1495 1688 1530 ad
1728 1494 1992 1542 explanandam
2032 1499 2067 1531 et
2106 1495 2366 1543 explicandam,

193 1558 285 1597 haec
311 1558 357 1596 ad
383 1557 632 1595 exornandam
660 1556 843 1604 pertinent
868 1555 1078 1592 orationem.
1132 1554 1175 1591 In
1202 1554 1347 1591 Homeri
1388 1553 1608 1591 carminibus
1650 1564 1846 1601 eorumque
1881 1555 1942 1601 qui
1982 1566 2063 1593 eum
2104 1558 2233 1595 imitati
2273 1563 2367 1600 sunt,

193 1619 433 1669 epithetorum
453 1628 596 1665 quoque
614 1616 822 1653 ornantium
841 1621 928 1653 sunt
945 1615 1014 1651 duo
1033 1625 1184 1662 genera:
1212 1614 1369 1662 epitheta
1389 1617 1621 1662 perpetua
1641 1618 1676 1650 et
1695 1613 1852 1661 epitheta
1880 1617 2125 1663 exquisita
2143 1617 2197 1655 vel
2222 1618 2327 1666 sign
2341 1619 2369 1656 i-

191 1678 418 1721 ficantia;
448 1688 601 1724 quorum
622 1676 711 1712 haec
736 1676 898 1712 omnium
917 1676 1034 1722 poesis
1054 1686 1228 1722 generum
1249 1674 1392 1721 propria
1411 1680 1504 1715 sunt,
1533 1673 1593 1709 illa
1621 1674 1689 1710 nisi
1718 1674 1757 1710 in
1776 1675 1997 1712 carminibus
2018 1675 2170 1714 heroicis
2196 1689 2238 1714 ac
2264 1690 2367 1726 prae-

191 1742 295 1789 cipue
320 1739 360 1776 in
386 1738 449 1783 eis,
478 1748 571 1785 quae
597 1736 724 1785 primis
750 1735 909 1784 poeticae
944 1735 1031 1772 artis
1058 1734 1277 1782 temporibus
1305 1734 1383 1771 sine
1411 1744 1544 1782 magno
1590 1733 1743 1770 artificio
1771 1734 1966 1783 composita
1992 1740 2088 1781 sunt,
2130 1748 2204 1775 non
2231 1738 2369 1776 inveni-

190 1803 312 1837 untur.
364 1797 537 1846 Epitheta
562 1799 735 1845 perpetua
762 1799 847 1833 sunt
873 1795 1048 1831 adiectiva
1073 1805 1214 1842 semper
1241 1794 1284 1829 ad
1312 1794 1476 1829 habitum
1515 1793 1630 1829 solum
1659 1794 1985 1841 proprietatemque
2011 1807 2131 1832 rerum
2157 1800 2367 1845 spectantia,

164 1880 167 1882 ,
193 1859 353 1909 epitheta
379 1861 500 1896 autem
528 1857 707 1905 exquisita
726 1867 801 1893 non
818 1866 899 1892 raro
917 1855 1107 1903 participia
1132 1857 1227 1897 sunt,
1248 1854 1689 1895 adiectivorummturam
1709 1854 1928 1901 usurpantia,
1949 1856 2191 1902 substantiva,
2219 1858 2368 1896 nomina

193 1919 533 2016 patronygldgamodo
563 1969 682 2004 autem
711 1965 769 2010 sit,
796 1969 837 2002 ut
862 1963 1046 2014 epitheton
1073 1963 1161 2000 artis
1186 1963 1344 2012 poeticae
1362 1966 1615 2000 ornamentum
1636 1962 1815 1999 nominari
1836 1963 1977 2010 possit?
2004 1965 2161 2013 quidque
2181 1966 2249 2004 sibi
2269 1968 2371 2005 vult?

193 2029 366 2078 Epitheta
404 2031 491 2066 sunt
531 2029 757 2068 or,namenta
800 2026 884 2073 quia
924 2036 1042 2072 neque
1083 2025 1129 2060 ab
1156 2035 1208 2065 ea,
1251 2034 1341 2070 quae
1381 2023 1418 2058 in
1447 2023 1741 2059 antecedentibus
1778 2027 1839 2060 aut
1865 2025 2098 2070 sequentibus
2124 2027 2241 2064 verbis
2276 2028 2371 2066 inest

191 2088 384 2134 sententia,
437 2086 717 2131 dessiderantur,
774 2096 892 2134 neque
943 2085 1087 2122 utilitati
1132 2083 1197 2122 soli
1242 2082 1453 2119 inserviunt.
1523 2082 1558 2119 Si
1612 2082 1723 2130 igitur
1776 2094 1818 2119 ex
1863 2084 2021 2121 carmine
2074 2086 2229 2133 quodam
2272 2088 2371 2137 epieo

191 2149 316 2187 omnia
359 2147 518 2195 epitheta
566 2147 736 2183 ornantia
781 2147 1029 2189 eximeremus,
1070 2146 1143 2181 vim
1187 2147 1222 2180 et
1266 2148 1433 2180 naturam
1478 2143 1553 2190 ejus
1598 2154 1671 2180 non
1699 2143 1909 2181 deleremus.
1966 2144 2013 2180 Ut
2057 2146 2152 2182 enim
2193 2148 2366 2196 templum

192 2209 371 2247 Graecum
398 2207 507 2245 etiam
534 2206 613 2245 sine
640 2205 805 2255 metopis,
842 2205 922 2244 sine
950 2203 1152 2253 triglyphis,
1180 2203 1259 2241 sine
1287 2202 1488 2251 magnificis
1529 2202 1597 2239 illis
1640 2203 1677 2239 in
1705 2202 1857 2252 fastigio
1897 2203 2022 2252 positis
2062 2205 2188 2243 statuis
2214 2207 2372 2255 praecla-

191 2267 377 2306 rissimum
404 2266 492 2304 artis
521 2268 797 2303 monumentum
825 2269 927 2310 esset,
971 2266 1022 2301 sic
1048 2265 1155 2301 etiam
1196 2264 1275 2300 sine
1302 2262 1468 2310 epithetis
1496 2263 1720 2306 ornantibus,
1760 2263 1838 2299 sine
1870 2264 2197 2311 comparationibus
2223 2277 2369 2305 carmen

193 2328 333 2378 epicum
361 2326 451 2365 satis
478 2325 669 2375 pulchrum
713 2325 792 2362 sine
831 2325 939 2362 dubio
978 2324 1107 2362 confici
1145 2326 1277 2371 posset.
1331 2322 1386 2359 Ut
1420 2333 1500 2359 vero
1527 2321 1619 2359 oculi
1648 2322 1802 2359 suaviter
1847 2321 2061 2368 afficiuntur,
2102 2324 2132 2362 si
2171 2325 2210 2363 in
2236 2326 2368 2376 templo

193 2389 444 2428 columnarum
472 2387 770 2434 columinumque
796 2387 907 2424 series
934 2385 1158 2424 ornamentis
1184 2384 1458 2432 distinguuntur
1486 2387 1520 2421 et
1547 2388 1586 2420 ut
1613 2387 1754 2420 statuae
1782 2383 1905 2432 templi
1933 2384 2240 2433 magnificentiam
2268 2387 2369 2425 valde

194 2450 341 2496 augent,
369 2446 420 2483 sic
446 2445 606 2495 epitheta
633 2446 788 2482 orationi
815 2446 1006 2482 elationem
1035 2445 1216 2492 quandam
1260 2443 1368 2479 affere
1394 2444 1559 2479 videntur
1599 2448 1634 2479 et
1661 2444 1693 2478 vi
1721 2454 1786 2479 sua
1813 2443 1852 2479 in
1878 2454 1998 2479 rerum
2036 2445 2198 2481 omnium
2238 2449 2369 2483 natura

193 2508 430 2547 describenda
457 2511 492 2545 et
518 2507 616 2545 vitiis
644 2507 912 2555 virtutibusque
937 2505 1128 2544 hominum
1154 2503 1392 2553 depingendis
1431 2502 1546 2552 posita
1581 2514 1654 2540 non
1682 2501 1795 2540 solum
1839 2502 1883 2540 ad
1923 2503 2131 2541 exornanda
2169 2504 2232 2543 sed
2258 2505 2365 2545 etiam

193 2568 472 2616 adexplicanda
489 2568 652 2604 carmina
672 2567 805 2603 valent.
862 2567 940 2613 Quo
958 2566 1000 2602 fit
1016 2570 1058 2602 ut
1084 2564 1301 2613 epitheta
1327 2574 1419 2599 non
1447 2563 1611 2599 inania
1638 2563 1717 2598 sed
1746 2564 1878 2609 quasi
1906 2559 2174 2610 in'geniosa
2199 2566 2370 2604 orationis

192 2631 411 2667 ornamenta
436 2628 511 2665 sint
536 2632 571 2665 et
597 2648 648 2655 —-
675 2638 783 2675 quem
810 2626 928 2663 locum
956 2637 1015 2663 ars
1041 2626 1080 2662 in
1106 2624 1295 2661 hominum
1324 2623 1396 2660 vita
1422 2622 1540 2665 habet,
1579 2633 1660 2659 eum
1701 2622 1738 2659 in
1775 2627 1851 2659 arte
1894 2623 1972 2671 ipsa
2007 2623 2167 2661 obtinere
2205 2624 2371 2665 videntur

192 2708 245 2719 —
270 2688 345 2726 sint
371 2690 598 2731 ornamenta,
627 2687 758 2735 quibus
784 2696 906 2723 carere
938 2696 1135 2734 possemus,
1175 2684 1237 2721 sed
1278 2684 1307 2719 si
1335 2693 1455 2719 carere
1497 2682 1716 2726 deberemus,
1760 2694 1882 2719 eorum
1918 2683 2093 2720 desiderio
2132 2683 2370 2732 flagraremus

194 2759 309 2798 eaque
335 2749 612 2797 requireremus.

349 2809 421 2846 Sed
446 2808 607 2858 epitheta
633 2811 719 2845 sunt
754 2808 863 2844 etiam
899 2809 1113 2843 ornamenta
1153 2805 1503 2842 vetustissima.
1560 2805 1753 2850 Postquam
1795 2804 1892 2840 enim
1920 2803 2094 2848 homines,
2135 2817 2227 2852 quae
2252 2810 2373 2843 mente

155 2868 166 2878 “
194 2870 428 2918 conciperent
455 2869 656 2918 exprimere
682 2868 894 2912 didicerunt,
921 2866 1016 2916 apud
1034 2877 1160 2904 omnes
1178 2869 1316 2915 gentes,
1345 2875 1436 2913 quae
1456 2875 1530 2901 non
1549 2864 1689 2912 penitus
1709 2863 1885 2902 immanes
1903 2868 1939 2902 et
1956 2865 2131 2903 barbarae
2148 2870 2370 2913 manserunt,
