2535 3077
1242 76 1291 114 25

1 189 75 257 ‘’J''
104 196 121 200 ’”
137 174 406 248 {Tm
444 208 551 236 usum
591 197 681 239 0880,
720 197 805 235 aed·
800 197 927 246 -poesis
965 196 1087 246 opicae
1124 199 1293 235 naturam
1320 195 1425 233 modo
1452 198 1611 233 secutum
1640 204 1782 244 semper
1805 194 1972 243 progredi
2000 194 2129 232 debere
2172 194 2273 239 „weil
2312 205 2352 232 er

181 255 441 298 ‘forbthreiten
466 269 578 304 muse,
604 257 685 295 weil
711 257 782 295 alle
806 257 905 295 disse
929 256 1272 306 Theilhandlungen
1299 257 1430 295 Stiicke
1456 257 1575 293 seiner
1600 266 1743 304 ganzen
1769 255 1968 303 Handlung
1993 248 2113 293 sind&

339 317 521 357 Homerus
545 317 686 356 nullum
712 317 820 355 deum
845 317 951 355 nobis
976 317 1000 354 d
1016 327 1036 354 e
1050 317 1100 366 pi
1117 328 1180 355 nx
1194 318 1256 361 it,
1296 328 1381 354 nam
1409 317 1440 354 si
1467 316 1522 353 dei
1550 317 1589 353 in
1615 315 1839 353 carminibus
1865 318 2058 364 apparent,
2100 325 2242 363 semper
2267 318 2354 352 sunt

190 379 229 416 in
267 381 386 423 motu,
430 388 572 425 semper
597 377 682 424 quid
708 377 885 420 efficiant,
922 377 1202 413 demonstratur.
1255 377 1297 414 Il.
1325 377 1353 419 Ι,
1380 375 1465 413 528.
1493 375 1593 412 Jovis
1621 375 1817 423 potentiam
1844 375 1949 411 nobis
1975 377 2140 419 ostentat,
2168 383 2210 411 ac
2234 376 2353 422 magis

190 437 298 477 etiam
326 448 470 476 summa
495 436 572 485 ejus
599 436 651 475 vis
678 439 714 474 et
739 435 932 474 auctoritas
958 436 1118 485 imagine
1144 436 1206 475 illa
1233 436 1383 485 simplici
1410 439 1606 483 tamenque
1633 434 1777 473 sublimi
1803 434 1842 472 in
1868 433 1909 472 Π.
1929 434 2025 480 VIII,
2048 434 2208 481 17-27,
2235 435 2353 484 posita

190 497 360 535 cernitur.
400 496 567 544 Juppiter
593 496 721 532 annuit
746 500 782 532 et
808 496 928 532 tremit
953 496 1139 543 Olympus.
1187 496 1358 533 Summus
1383 501 1464 543 post
1489 506 1573 531 eum
1601 496 1688 532 deus
1715 507 1823 542 supra
1849 498 1980 531 terram
2007 495 2170 542 graditur
2196 499 2232 531 et
2257 499 2353 532 terra

188 555 322 594 tremit.
374 555 460 594 Non
491 557 532 593 ut
556 554 754 604 imaginem
780 554 885 593 nobis
909 555 1079 604 praebeat
1105 555 1284 605 graduum
1310 555 1489 604 Neptuni,
1529 553 1619 591 haec
1647 554 1690 591 de
1717 554 1886 602 Neptuno
1912 554 2096 600 dicuntur,
2139 553 2203 592 sed
2237 557 2277 592 ut
2307 564 2351 592 ex

187 616 363 665 gradibus
401 616 477 664 ejus
512 615 654 652 efficere
689 615 891 663 possimus,
930 619 1066 662 quanta
1105 616 1181 664 ejus
1218 617 1265 653 sit
1300 619 1457 664 potestas
1484 626 1524 652 ac
1551 615 1722 663 potentia.
1775 613 2007 651 Concluditur
2032 626 2075 651 ex
2101 615 2280 652 efficiente
2306 615 2351 652 ad

184 675 362 722 effectum,
389 686 433 714 ex
459 675 710 724 magnitudine
737 675 782 712 ad
809 675 1024 724 dignitatem
1051 680 1158 724 atque
1185 677 1269 713 vim.
1329 675 1443 714 Simili
1464 675 1569 712 modo
1590 675 1776 712 Minervae
1795 675 1910 711 forma
1928 677 1963 711 et
1980 674 2098 723 figura
2116 675 2352 713 adumbratur

186 736 230 775 Il.
257 736 355 781 XXI,
383 736 456 774 403
483 746 610 773 saxum
631 735 811 784 Jaculatur
836 735 875 773 in
901 735 1068 781 Martem,
1095 736 1179 774 ferit
1205 747 1297 778 eum,
1326 729 1385 774 ine
1411 736 1614 784 procumbit
1640 735 1753 772 humi.
1799 735 1839 772 Il.
1862 735 1904 780 V,
1933 736 2005 773 743
2033 747 2075 773 ex
2102 736 2352 785 magnitudine

187 809 292 836 casus
318 797 398 846 ejus
423 794 551 846 cogere
576 808 776 845 possumus,
804 800 941 844 quanta
966 797 1014 835 sit
1039 798 1199 846 potentia
1226 798 1311 846 ejus,
1340 801 1514 845 quantum
1542 798 1669 842 robur;
1697 796 1808 834 cassis
1836 796 1912 844 ejus
1938 800 2040 835 tanta
2058 801 2120 842 est,
2150 801 2190 835 ut
2207 800 2352 835 centum

187 860 331 898 urbium
368 859 546 907 peditibus
573 859 739 897 sufficiat.
756 859 785 906 ¹)
839 859 959 904 Mars,
1001 860 1062 907 qui
1090 862 1142 896 tot
1164 860 1240 907 jam
1266 858 1432 895 homines
1459 857 1648 894 trucidavit
1675 861 1888 904 tantumque
1913 856 2068 894 clamare
2094 861 2229 905 potest,
2269 868 2352 894 cum

188 919 356 957 ceciderit
381 918 494 966 (XXI,
522 919 612 966 407)
640 921 771 967 septies
799 920 935 956 tricena
956 919 1088 967 jugera
1116 930 1284 967 agrorum
1312 918 1412 965 tegit.
1465 918 1562 963 Quae
1590 920 1663 953 tam
1691 917 1870 954 mirabilia
1896 928 1976 953 cum
2005 917 2098 954 inter
2120 929 2159 955 se
2178 922 2353 966 pugnent,

187 978 244 1015 dei
284 981 410 1016 contra
444 978 547 1023 deos,
592 978 724 1015 mirum
751 990 825 1016 non
852 982 915 1023 est,
945 979 1038 1027 quod
1068 979 1245 1016 Homerus
1273 977 1522 1025 magnitudine
1549 987 1670 1013 eorum
1699 976 1896 1025 imaginem
1924 976 2105 1024 quandam
2134 977 2237 1014 nobis
2264 976 2351 1014 dare

189 1042 361 1084 conatur,
399 1050 480 1076 cum
520 1039 588 1077 hac
627 1039 704 1077 sola
723 1040 835 1077 -vires
876 1040 999 1087 eisque
1037 1044 1158 1088 gestas
1199 1050 1256 1076 res
1296 1038 1416 1075 animo
1443 1037 1629 1085 concipere
1655 1037 1844 1085 possimus.
1896 1037 1968 1074 Sed
1995 1037 2067 1074 illis
2095 1049 2235 1086 quoque
2263 1038 2350 1076 locis

188 1099 335 1137 modum
360 1111 436 1137 non
463 1100 725 1148 transgreditur
750 1112 792 1137 ac
818 1104 957 1138 tantum
987 1101 1091 1138 modo
1112 1100 1239 1148 pingit,
1267 1102 1443 1147 quantum
1462 1097 1703 1134 necessarium
1727 1100 1790 1141 est,
1817 1101 1857 1134 ut
1875 1109 1917 1134 ex
1936 1098 2196 1146 magnitudine,
2224 1099 2351 1136 robore

187 1158 366 1196 celeritate
393 1158 560 1207 colligere
585 1160 781 1208 possimus,
823 1162 982 1207 quantae
1009 1170 1129 1196 eorum
1159 1160 1231 1204 vis,
1273 1159 1458 1207 majestas,
1499 1158 1610 1194 virtus
1638 1158 1720 1194 sint.
1774 1157 1894 1193 Facile
1922 1157 2073 1205 intelligi
2100 1163 2236 1205 potest,
2276 1169 2352 1196 non

187 1231 313 1257 01111108
339 1220 423 1257 deos
450 1220 512 1257 tali
539 1221 644 1257 modo
671 1220 837 1268 depingi,
864 1231 946 1257 011111
972 1225 1103 1258 natura
1130 1221 1277 1258 deorum
1304 1220 1575 1257 Homericorum
1602 1230 1643 1255 ea
1670 1218 1735 1263 sit,
1763 1222 1802 1255 ut
1828 1217 1969 1262 Venus,
2005 1217 2072 1255 dea
2098 1218 2158 1256 illa
2185 1219 2348 1263 imbellis,

188 1282 224 1317 et
249 1280 325 1329 ipse
351 1279 453 1318 Mars
479 1291 542 1328 per
569 1280 788 1325 Diomedem,
816 1279 999 1317 hominem
1028 1280 1216 1318 mortalem
1243 1280 1335 1317 vinci
1363 1279 1510 1327 possint.
1567 1277 1658 1326 (Cfr.
1685 1277 1725 1314 Il.
1755 1277 1797 1319 V,
1825 1276 1927 1326 381.)

338 1351 472 1388 Eadem
501 1350 728 1388 conclusione
763 1351 808 1387 ab
848 1350 971 1387 effecto
1008 1351 1052 1386 ad
1093 1351 1253 1388 efficiens
1291 1350 1592 1398 pulchritudinem
1628 1348 1790 1384 Helenae
1826 1348 2070 1396 intelligimus.
2124 1349 2241 1387 Notus
2268 1354 2303 1388 et
2328 1363 2350 1388 a

189 1412 378 1461 Lessingio
416 1415 539 1450 nostro
580 1411 863 1461 praeclarissime
903 1411 1099 1460 explicatus
1139 1415 1193 1450 est
1233 1412 1331 1450 100118
1370 1411 1428 1449 1110
1463 1410 1504 1448 Il.
1533 1410 1597 1449 III.
1628 1408 1811 1447 156—58.
1842 1430 1887 1435 —
1916 1407 1979 1446 Od.
2009 1408 2140 1454 XVIII,
2171 1410 2241 1449 187
2269 1423 2348 1461 sqq.

187 1472 387 1520 Penelopae
430 1472 547 1508 forma
590 1473 694 1508 nobis
738 1475 969 1508 monstratur.
1022 1472 1188 1509 Minerva
1231 1483 1310 1508 eam
1351 1471 1539 1519 splendore
1580 1470 1734 1516 quodam
1773 1468 2035 1505 illustrissimae
2074 1470 2349 1517 pulchritudinis

191 1533 242 1581 (v.
272 1532 362 1581 212)
402 1532 617 1576 circumdat,
657 1535 697 1569 ut
736 1531 853 1580 procis
880 1543 1000 1580 genua
1026 1535 1183 1570 tremant
1209 1531 1398 1580 voluptate.
1452 1530 1565 1568 Aliter
1592 1529 1768 1566 Homerus
1804 1528 1843 1565 in
1870 1528 2093 1567 deformitate
2120 1530 2350 1579 depingenda

186 1595 348 1631 versatur
375 1592 456 1642 (cfr.
484 1592 526 1630 Π.
553 1592 598 1637 ΙΙ,
630 1593 702 1630 212
729 1591 850 1641 sqq.);
879 1594 919 1630 ut
945 1591 1145 1630 Thersitem
1172 1592 1340 1630 describit
1365 1592 1474 1630 etiam
1501 1590 1725 1638 singularum
1752 1589 2055 1638 minimarumque
2073 1602 2190 1628 rerum
2209 1593 2350 1630 ratione

184 1653 319 1697 habita,
347 1665 429 1690 cum
458 1653 560 1690 aliter
586 1653 725 1690 ridiculi
752 1652 914 1690 effectum
943 1654 1138 1700 producere
1165 1665 1239 1690 non
1265 1654 1387 1701 possit.
1442 1652 1598 1699 Ignavus
1626 1653 1743 1687 autem
1772 1661 1880 1696 quam
1903 1655 2065 1687 accurate
2084 1651 2194 1689 0011118
2217 1653 2350 1690 11081118

186 1712 372 1762 subjicitur
408 1712 465 1762 (II.
496 1712 593 1758 VIII,
632 1713 705 1751 279
731 1712 829 1761 sqq.)
883 1712 1016 1750 Iterum
1056 1713 1255 1762 iterumque
1282 1712 1503 1762 expallescit,
1543 1710 1782 1758 conquiniscit
1807 1710 1912 1747 modo
1939 1709 1999 1747 hic
2025 1711 2130 1748 modo
2158 1711 2246 1757 11110,
2287 1724 2349 1750 cor

186 1775 219 1810 ei
253 1773 404 1821 palpitat
438 1774 477 1810 in
513 1777 655 1821 pectore
691 1775 839 1822 trepido,
868 1773 1083 1810 colliduntur
1110 1775 1246 1812 dentes.
1300 1773 1629 1811 Praeclarissimum
1657 1774 1775 1808 autem
1803 1771 2002 1818 exemplum
2031 1772 2177 1809 Homeri
2204 1775 2349 1821 generis

184 1833 335 1880 dicendi,
364 1845 434 1882 quo
460 1834 596 1883 optime
623 1834 897 1879 demonstratur,
927 1845 1009 1871 eum
1036 1834 1159 1871 omnia
1186 1833 1224 1870 in
1251 1833 1407 1870 actiones
1434 1831 1536 1880 quasi
1564 1830 1769 1874 transferre,
1796 1829 1954 1867 Achilles
1981 1830 2140 1868 irascens
2166 1832 2205 1868 in
2224 1831 2347 1870 Iliadis

184 1893 286 1931 initio
314 1905 393 1931 esse
418 1894 558 1931 videtur
585 1894 642 1943 (Il.
671 1895 698 1939 Ι,
729 1895 800 1932 188
827 1894 937 1943 sqq.).
992 1894 1051 1931 Ira
1077 1895 1153 1942 ejus
1180 1905 1253 1931 non
1282 1894 1386 1930 modo
1413 1892 1637 1940 significatur
1665 1891 1874 1934 versu-illo:

856 1966 1035 2009 Πηλεΐωνι
1065 1963 1189 2016 δὀἷχος
1218 1963 1339 2018 γένετ’,
1372 1964 1409 2005 ἐν
1439 1964 1478 2003 δέ
1508 1967 1541 2002 οἱ
1570 1959 1656 2016 ἦτορ

751 2032 944 2076 στήθεσσιν
974 2034 1137 2072 λασίοισι
1163 2034 1328 2083 διὰτδιχα,
1357 2030 1575 2088 μερμήριζεν,

185 2115 248 2152 sed
275 2116 372 2153 addit
398 2116 525 2153 etiam:
554 2108 573 2149 ὅ
602 2125 641 2163 γε
671 2110 859 2166 φάσγανον
890 2110 958 2158 6ξύ
987 2111 1229 2166 ἐρυσσάμενος
1257 2110 1354 2166 παραὶ
1384 2111 1511 2163 μηροῦ.
1571 2116 1662 2152 Tum
1690 2116 1827 2152 actione
1854 2116 2008 2162 quadam
2036 2116 2153 2153 denuo
2176 2117 2346 2164 juvenem

187 2183 289 2221 illum
306 2183 460 2221 ferocem
478 2183 640 2221 videmus
659 2183 935 2232 significantem,
955 2195 995 2222 se
1016 2185 1196 2222 mandatis
1214 2184 1301 2221 deae
1327 2176 1426 2231 (λῆγ’
1455 2177 1567 2234 ἔριδος
1596 2196 1628 2221 v,
1651 2183 1739 2233 210)
1767 2184 1945 2232 paruisse:
1979 2177 2029 2230 οἲῲ
2061 2176 2099 2218 δέ
2130 2176 2165 2225 ἔς
2193 2181 2348 2220 nouum

187 2241 260 2287 οἶσε
289 2246 380 2298 μέγα
408 2247 511 2301 ξίφος
539 2250 588 2298 (v.
618 2251 717 2300 220),
747 2254 781 2288 et
808 2252 967 2289 versibus
995 2252 1271 2301 insequentibus
1298 2251 1406 2301 (245)
1433 2253 1691 2300 cognoscimus,
1720 2264 1802 2290 eum
1829 2264 2047 2300 quamquam
2075 2252 2221 2291 ultionis
2247 2254 2346 2302 cupi-

184 2312 296 2349 ditate
335 2312 504 2348 incensus
545 2312 609 2355 sit,
650 2316 772 2348 tamen
803 2311 950 2358 plenum
981 2313 1127 2359 puerilis
1154 2314 1371 2361 pertinaciae
1398 2324 1473 2349 rem
1501 2313 1605 2348 modo
1633 2314 1871 2350 inanimatam
1899 2313 2030 2356 ulcisci,
2058 2324 2139 2349 cum
2166 2313 2346 2351 Homerus

184 2379 298 2416 dicat:
325 2388 406 2413 ποτι
435 2370 473 2413 δὲ
503 2372 677 2429 σκῆπτρον
707 2374 803 2424 βάλε
830 2376 924 2427 γαίῃ.
980 2379 1081 2416 Talia
1108 2379 1270 2428 exempla
1287 2378 1390 2416 facile
1408 2381 1574 2415 sexcenta
1592 2380 1794 2416 enumerari
1809 2383 1967 2428 possunt,
1996 2390 2148 2427 quorum
2168 2380 2346 2418 nonnulla

184 2439 290 2475 modo
316 2438 376 2475 hic
402 2450 546 2486 ponam.
600 2440 798 2487 Eurycleia‚
826 2450 906 2475 cum
926 2439 1024 2475 Ulixi
1051 2440 1197 2476 domum
1224 2440 1387 2476 redeunti
1414 2440 1521 2486 pedes
1548 2439 1672 2476 lavans
1692 2441 1853 2476 cicatrice
1871 2441 2015 2476 alterius
2034 2441 2134 2487 pedis
2153 2445 2348 2488 cognoscat

185 2498 280 2537 laeta
306 2499 501 2544 dominum,
531 2499 656 2549 pedem
684 2511 793 2538 manu
821 2500 959 2545 emittit,
988 2503 1027 2538 ut
1055 2511 1115 2538 aes
1142 2504 1244 2538 sonet
1270 2504 1304 2537 et
1331 2511 1425 2548 aqua
1452 2499 1496 2536 ad
1524 2503 1656 2536 terram
1683 2499 1787 2545 fluat;
1815 2499 1906 2536 oculi
1932 2499 2089 2537 lacrimis
2108 2499 2343 2549 complentur,

189 2570 279 2603 „vox
318 2559 481 2596 faucibus
520 2560 679 2605 haeret“,
720 2564 795 2597 tum
835 2560 962 2608 Ulyxis
998 2571 1117 2608 genua
1156 2560 1401 2607 complectitur
1427 2571 1581 2607 eumque
1608 2561 1810 2607 alloquitur.
1838 2561 1919 2608 (Od.
1947 2561 2041 2604 XIX,
2072 2561 2144 2597 467
2172 2561 2270 2610 sqq.)
2299 2583 2342 2589 -

185 2618 473 2664 Andromachae,
500 2624 653 2658 mortem
670 2621 834 2658 Hectoris
860 2619 1066 2668 suspicanti,
1097 2621 1260 2657 membra
1287 2624 1466 2657 tremunt:
1506 2620 1637 2665 radius,
1678 2620 1716 2657 in
1743 2621 1892 2657 texendo
1920 2620 2100 2657 adhibitus
2137 2620 2182 2656 ad
2214 2624 2344 2658 terram

184 2678 289 2716 cadit.
334 2678 425 2717 Cum
454 2680 682 2718 interfectum
701 2684 819 2719 autem
837 2681 1029 2718 Hectorem
1050 2680 1182 2718 attrahi
1201 2681 1327 2726 videat,
1356 2681 1476 2717 animo
1496 2681 1677 2725 deficitur,
1705 2685 1850 2718 ornatus
1871 2692 2004 2725 comae,
2032 2681 2152 2726 fascia,
2181 2681 2343 2719 velamen

184 2738 229 2775 de
253 2738 369 2786 capite
394 2739 577 2785 labuntur,
606 2742 741 2778 circum
768 2745 865 2779 stant
891 2741 1094 2789 propinqui.
1148 2741 1204 2790 (Il.
1233 2740 1347 2785 XXII,
1375 2742 1448 2779 448
1476 2742 1584 2789 sqq).
1621 2763 1669 2768 —
1696 2742 1911 2779 Antiochum
1939 2743 2090 2779 nuncius
2119 2743 2163 2779 de
2190 2743 2343 2780 Patrocli

184 2801 298 2835 morte
332 2798 461 2837 allatus
497 2801 665 2848 percutit:
702 2801 886 2846 reticescit‚
914 2801 1006 2838 oculi
1034 2801 1190 2838 lacrimis
1217 2802 1451 2850 complentur,
1481 2814 1586 2850 aegre
1614 2803 1770 2839 animam
1798 2802 1893 2839 ducit
1919 2802 1977 2848 (Il.
2005 2801 2119 2846 XVII,
2148 2802 2221 2840 694
2248 2803 2346 2850 sqq.)

352 2909 378 2946 ι)
402 2909 464 2940 Cfr.
489 2909 618 2947 Hei-der,
645 2911 804 2941 Kritische
826 2911 962 2947 Wiilder,
986 2921 1015 2949 p.
1041 2911 1110 2943 175.

2116 2965 2137 2994 4
