2535 3077
0 274 17 295 ,ἰ
34 249 45 258 ‘
79 258 94 264 v
124 237 335 279 rmum
333 218 563 286 probemus
563 236 758 285 judicium:

1211 56 1261 94 2⁶7

509 174 554 215 e'x
589 169 828 226 descriptione
851 176 915 214 illa
939 176 1085 214 Aeneae
1109 178 1201 214 scuti
1228 177 1350 224 inepta
1376 177 1543 223 cognosci
1569 179 1697 224 potest.
1709 176 1741 223 ¹)
1793 176 2030 247 Quamobrem
2071 186 2137 213 nos
2176 175 2321 223 quidem

820 305 943 346 Gedite
968 307 1132 353 Romani,
1158 307 1271 344 cedite
1298 306 1407 351 Graii,

819 367 951 405 Nescio
978 366 1064 415 quid
1092 368 1208 405 maius
1234 368 1394 405 nascitur
1418 367 1541 406 Iliade.
1553 367 1585 414 ²)

313 508 507 553 Postquam
547 507 591 543 de
633 506 800 554 epithetis
838 510 874 543 et
913 507 1244 554 comparationibus
1279 506 1373 555 apud
1399 505 1594 543 Homerum
1631 506 1906 554 disputavimus,
1947 517 2028 544 eum
2064 518 2204 545 summo
2239 507 2321 555 jure

160 576 282 606 earum
326 565 597 605 tractandarum
634 564 887 615 peritissimum
914 566 1092 603 nominari
1119 567 1292 605 videmus.
1348 566 1416 603 Sed
1458 567 1566 603 etiam
1607 567 1644 602 in
1685 567 1791 602 rebus
1830 566 2070 602 describendis
2107 577 2147 603 se
2172 568 2321 614 praebet

158 625 489 676 praeclarissimum
515 629 699 672 artificem,
728 630 764 665 id
791 630 885 676 quod
911 630 1049 666 duabus
1076 630 1120 666 de
1146 630 1263 665 causis
1291 640 1312 664 a
1338 629 1442 664 nobis
1468 628 1713 665 confirmatur.

241 677 244 680 ¹
310 686 343 726 1.
374 686 553 726 Homerus
580 685 618 725 in
644 688 811 726 omnibus
838 688 955 740 rebus,
986 699 1076 737 quae
1103 699 1226 726 earum
1255 687 1398 736 propria
1424 690 1517 731 sunt,
1546 687 1692 731 invenit,
1720 687 1842 723 omnia
1867 698 1939 723 non
1967 687 2169 724 necessaria
2194 691 2314 724 autem

162 749 336 797 neglegit,
362 751 403 786 ut
430 750 542 786 menti
570 752 606 786 et
631 750 841 797 cogitationi
870 750 1158 797 immaginationi
1186 760 1306 786 eorum
1336 749 1395 795 qui
1423 748 1558 796 legunt,
1586 747 1689 785 liceat
1715 748 1781 785 sibi
1809 748 1896 796 ipsis
1922 748 2115 796 imaginem
2135 748 2318 796 quandam

125 855 127 857 ,
158 808 342 858 effingere.
372 808 406 847 2.
436 808 614 848 Homerus
642 810 726 847 artis
753 810 910 859 poeticae
936 813 1087 847 naturae
1114 810 1288 847 rationem
1316 808 1435 853 habet,
1463 819 1544 845 cum
1572 808 1869 857 descriptionibus
1896 808 1969 845 suis
1995 818 2069 845 non
2095 808 2253 856 picturas
2280 812 2317 846 et

157 868 311 913 formas,
328 911 335 924 x
352 873 392 906 ut
427 871 542 917 pictor
574 874 609 906 et
637 874 838 907 statuarum
866 872 1057 907 fabricator
1083 871 1286 918 confingat,
1327 871 1389 906 sed
1415 881 1471 906 res
1498 881 1639 916 semper
1665 870 1710 906 ab
1737 881 1780 906 ea
1805 873 1904 916 parte
1930 869 2208 917 contemplatur,
2244 881 2318 917 qua

158 926 337 983 ἐνέργειαν
367 929 550 977 quandam
577 929 618 967 in
645 929 696 967 eis
724 930 841 970 inesse
871 929 1117 967 demonstrent
1143 934 1178 967 et
1205 941 1275 977 qua.
1303 940 1367 967 sua
1392 932 1519 978 sponte
1546 928 1647 977 quasi
1674 928 1712 964 in
1730 938 1847 964 rerum
1868 938 2066 965 connexum
2086 940 2123 966 se
2142 930 2316 967 inserant.

157 989 236 1026 Huc
262 990 406 1034 accedit,
438 990 537 1037 quod
562 990 708 1027 Homeri
736 990 995 1038 descriptiones
1021 991 1144 1028 eadem
1172 991 1350 1039 elegantia
1376 995 1411 1027 et
1437 993 1621 1027 venustate
1647 992 1797 1025 utuntur
1820 1000 1890 1035 qua
1908 993 1981 1025 tota
1999 989 2073 1036 ejus
2091 990 2263 1027 carmina.

306 1128 363 1165 Ex
404 1129 473 1174 eis,
519 1140 610 1177 quae
648 1130 686 1166 in
723 1129 792 1166 hac
827 1134 950 1166 nostra
989 1131 1288 1166 commentatione
1323 1130 1367 1165 de
1401 1129 1640 1165 illustrissima
1670 1129 1815 1164 Homeri
1852 1128 2030 1176 elegantia
2065 1133 2099 1165 et
2128 1134 2315 1167 venustate

155 1188 320 1233 diximus,
347 1188 447 1225 haud
473 1190 546 1226 scio
575 1200 622 1226 an
649 1189 895 1236 unusquisque
922 1188 1113 1237 intelligat,
1142 1190 1213 1226 vim
1240 1193 1276 1226 et
1302 1190 1546 1226 auctoritatem
1574 1189 1690 1237 poesis
1716 1188 1925 1225 Homericae
1952 1199 2025 1225 non
2052 1189 2089 1225 in
2115 1189 2242 1231 rebus.
2269 1189 2314 1227 de

158 1246 288 1295 quibus
314 1248 407 1296 agit,
449 1248 511 1285 sed
552 1249 591 1285 in
630 1248 808 1297 elegantia
834 1248 896 1285 illa
938 1251 974 1285 et
1000 1250 1170 1294 veustate‚
1199 1250 1236 1286 in
1264 1250 1297 1286 vi
1325 1253 1359 1286 et
1397 1250 1572 1296 gravitate
1612 1250 1761 1297 positam
1804 1260 1899 1292 esse:
1940 1260 2047 1296 quam
2083 1250 2127 1285 ob
2167 1260 2313 1286 causam

156 1307 243 1344 illud
269 1307 419 1345 Herderi
432 1307 482 1357 ³):

310 1368 436 1413 „Zwar
463 1370 547 1407 sind
575 1369 633 1406 die
661 1370 929 1419 Gegenstande,
958 1371 1014 1407 die
1041 1382 1079 1408 er
1105 1370 1259 1419 besingt,
1300 1370 1563 1419 Kleinigkeiten
1590 1370 1684 1407 nach
1711 1381 1859 1407 unserer
1885 1369 2022 1407 Weise:
2064 1371 2162 1407 seine
2190 1371 2316 1408 Gotter

153 1430 228 1467 und
267 1430 408 1468 Helden
448 1431 514 1468 mit
555 1431 662 1469 ihren
705 1431 821 1469 Sitten
863 1432 936 1469 und
964 1431 1263 1469 Leidenschaften
1292 1431 1372 1469 sind
1399 1431 1503 1469 keine
1531 1431 1697 1476 anderen,
1726 1431 1778 1469 als
1805 1431 1861 1468 die
1887 1430 1963 1468 ihm
1989 1431 2045 1468 die
2072 1431 2170 1480 Lage
2198 1431 2316 1469 seiner

154 1489 230 1526 und
269 1490 332 1526 der
366 1501 626 1538 vergangenen
654 1491 777 1527 Zeiten
814 1492 959 1535 darbot;
1000 1492 1131 1528 ebenso
1160 1492 1438 1539 eingeschrsnkt
1465 1494 1511 1529 ist
1537 1493 1627 1529 auch
1656 1493 1752 1529 seine
1778 1492 1910 1528 Natur-
1937 1492 2011 1528 und
2037 1492 2314 1533 Erdkenntniss.

152 1550 252 1588 seine
278 1549 395 1587 Moral
423 1551 499 1589 und
526 1550 756 1589 Staa-tslehre.
775 1572 824 1578 —
844 1551 941 1588 Aber
968 1551 1024 1589 die
1049 1550 1242 1588 Wahrheit
1267 1552 1340 1588 und
1366 1550 1550 1596 Weisheit,
1578 1552 1643 1588 mit
1668 1551 1731 1588 der
1757 1562 1794 1588 er
1822 1551 1889 1588 alle
1917 1550 2168 1599 Gegenstsnde
2194 1553 2314 1589 6611161·

152 1610 250 1647 Welt
276 1621 319 1646 zu
347 1610 465 1647 einem
492 1610 709 1659 lebendigen
737 1611 886 1648 Gauzen
913 1612 1079 1656 verwebt,
1108 1612 1170 1648 der
1196 1612 1285 1649 feste
1312 1612 1453 1649 Umriss
1474 1613 1576 1659 jeder
1602 1613 1719 1649 seiner
1738 1612 1845 1660 Zfige,
1873 1612 1910 1649 111
1925 1612 2025 1659 jeder
2043 1612 2176 1650 Person
2195 1613 2314 1650 seiner

152 1669 422 1708 unsterblichen
453 1670 642 1715 Gemfflds,
686 1671 742 1708 die
768 1675 1077 1720 unangestrengte
1105 1672 1223 1709 sanfte
1249 1673 1334 1717 Art,
1376 1673 1414 1709 in
1442 1672 1594 1709 welcher
1620 1683 1658 1708 er
1684 1672 1766 1716 trei,
1795 1672 1848 1708 616
1876 1671 1968 1710 Gott.
1998 1672 2066 1708 alle
2093 1671 2315 1710 Charsktere

150 1730 245 1769 sieht
270 1730 345 1767 und
373 1730 451 1767 ihre
480 1731 607 1768 Laster
633 1731 706 1768 und
735 1731 943 1779 Tugenden,
971 1732 1048 1768 ihre
1078 1732 1228 1769 Gliicks-
1256 1733 1331 1769 und
1360 1732 1632 1781 Ungliicksfalle
1659 1732 1813 1776 erziihlt3
1841 1732 1897 1769 die
1924 1731 2044 1769 Musik
2072 1732 2227 1777 endlich,
2256 1732 2314 1770 die

148 1792 189 1828 in
226 1802 266 1828 so
310 1784 609 1829 abwechselnden
650 1803 799 1839 grossen
844 1793 1042 1830 Gedichten
1086 1793 1340 1831 unaufhorlich
1380 1804 1449 1830 von
1489 1794 1612 1830 seinen
1640 1793 1777 1841 Lippen
1804 1796 1930 1829 stromt
1957 1794 2030 1829 und
2053 1792 2170 1840 jedem
2198 1792 2312 1836 Bilde,

145 1850 265 1900 jedem
304 1850 445 1899 Klange
486 1851 605 1888 seiner
632 1851 756 1888 Worte
797 1851 1058 1900 eingehaucht‚
1102 1853 1168 1889 mit
1208 1853 1335 1890 66111611
1377 1852 1569 1900 Gesfingen
1609 1853 1701 1900 ewig
1733 1853 1822 1896 lebt;
1851 1853 1901 1889 sie
1928 1853 2058 1895 sind's,
2099 1853 2155 1888 die
2183 1853 2220 1889 in
2248 1853 2311 1890 der

151 1910 366 1949 Geschichte
406 1912 469 1947 der
508 1911 737 1949 Menschheit
777 1913 848 1949 den
887 1913 1021 1949 Homer
1061 1925 1141 1950 zum
1186 1913 1364 1962 Einzigen
1403 1913 1520 1950 seiner
1558 1914 1625 1950 Art
1650 1913 1726 1950 und
1749 1913 1812 1950 der
1839 1912 2144 1951 L'nsterblichkeit
2169 1913 2311 1962 wiirdig

149 1970 314 2016 macheu,
343 1981 448 2009 wenn
476 1973 588 2009 etwas
615 1971 681 2008 auf
701 1971 825 2010 Erden
852 1972 1072 2010 unsterblich
1101 1973 1177 2010 sein
1197 1973 1337 2010 ·kann.“

277 2090 300 2128 ι)
323 2090 387 2122 Cfr.
409 2089 554 2121 Laocoon
576 2089 693 2121 XVIII.

277 2141 304 2178 ²)
328 2141 392 2172 Cfr.
416 2141 544 2177 Herder,
568 2141 617 2172 10.
640 2141 707 2177 Bu„
731 2141 761 2171 S.
785 2142 838 2172 81:

686 2192 813 2229 „Zeiten
836 2193 932 2224 hinab
954 2194 1018 2225 und
1039 2194 1146 2225 Zeiten
1167 2193 1264 2224 hinan
1286 2195 1358 2224 tout
1380 2194 1459 2233 ewig
1481 2194 1634 2224 Homerus

768 2244 896 2285 Einiges
918 2244 1017 2281 Lied;
1039 2245 1094 2276 ihn
1117 2246 1210 2276 kront
1230 2244 1318 2284 jeder
1340 2246 1530 2285 olympisohe
1552 2247 1664 2277 Kranz.

685 2296 791 2336 Lange
813 2306 890 2327 sann
913 2296 962 2327 die
985 2297 1097 2333 Natur,
1121 2296 1185 2327 und
1208 2296 1313 2331 schufz
1334 2296 1398 2327 und
1420 2297 1467 2328 als
1490 2298 1533 2328 sie
1556 2297 1740 2338 geschaffen,

764 2347 886 2378 Ruhete
908 2349 952 2378 sie
973 2348 1037 2378 und
1059 2348 1187 2388 sprach:
1210 2348 1328 2383 „Einen
1351 2347 1505 2378 Homerus
1528 2348 1583 2379 der
1605 2349 1718 2379 Welt“.

272 2399 297 2437 8)
319 2398 448 2436 Herder,
471 2399 565 2429 ldeen
587 2402 656 2435 etc,
681 2398 730 2429 13.
751 2399 848 2436 Buch,
871 2409 901 2438 p.
924 2400 973 2430 55.

1703 2505 1772 2542 P.
1800 2504 1861 2542 ΕΞ.
1890 2505 2249 2544 Herma-th.

2078 2933 2115 2965 4*
