2535 3077
1201 90 1249 130 19

429 212 466 250 2.
521 211 758 260 Quomodo
783 211 1016 250 Homerus
1041 212 1335 261 argumentis
1370 209 1788 257 comparationum
1813 218 1927 245 usus
1952 207 2027 244 sit.

265 282 340 322 &Si
365 282 414 329 id,
441 283 539 332 quod
565 283 850 333 comparationes
875 283 944 322 sibi
969 283 1096 322 volunt
1138 283 1177 333 (i.
1208 294 1239 321 9.
1267 284 1342 322 sive
1382 281 1567 319 hominem
1610 280 1684 318 sive
1726 279 1893 328 temporis
1935 283 2156 315 momentum
2202 285 2312 325 grave

151 340 345 394 dilucidius
383 342 489 382 uobis
528 346 613 382 ante
650 342 773 382 oculos
810 342 958 393 ponere)
997 344 1049 382 eis
1096 344 1190 393 exigi
1217 343 1294 381 vult
1330 345 1447 392 poeta,
1487 344 1702 390 argumenta
1740 350 1865 377 earum
1909 350 1983 376 non
2027 338 2144 375 solum
2187 337 2312 374 omnia

149 413 195 442 ex
231 403 341 454 rebus
380 402 477 441 notis
503 402 641 441 assumi
667 403 814 448 debent,
854 403 917 441 sed
952 404 1148 440 tertium
1174 404 1282 440 etiam
1317 401 1721 449 comparationis,
1761 400 1857 448 quod
1896 402 2026 435 vocant
2063 397 2164 435 nullo
2202 396 2308 433 modo

154 464 360 511 quaesitum
386 474 465 500 esse
489 474 609 510 neque
634 464 808 511 ineptum,
842 463 903 501 sed
929 464 974 501 iis
1000 464 1063 511 qui
1098 463 1253 501 audiunt
1269 463 1389 501 statim
1416 462 1455 500 in
1486 461 1628 500 occulos
1660 461 1762 509 quasi
1793 461 1975 499 incurrere
2001 459 2116 497 debet.
2157 456 2309 507 Compa-

149 522 308 560 rationes
334 524 457 558 autem
482 522 692 560 Homericae
718 523 747 559 si
774 522 1032 571 perlegerimus
1072 533 1208 566 omnes,
1235 533 1282 559 ne
1314 533 1389 558 una
1424 522 1570 568 quidem
1597 521 1701 557 nobis
1741 520 1936 566 objicietur,
1970 530 2080 565 quam
2116 520 2306 555 obscuram

147 586 226 620 esse
273 582 444 620 crederes.
515 582 719 620 Permultae
766 586 909 620 exstant
954 583 1239 630 comparationes
1290 593 1385 629 quae
1434 593 1517 619 cum
1571 580 1717 627 longius
1766 578 1960 627 explicatae
2012 578 2103 623 sint,
2162 577 2308 615 tertium

148 642 271 691 ipsum
296 642 574 692 comparationis
601 643 706 691 quasi
732 643 975 692 egrediantur,
1003 642 1066 680 sed
1092 653 1139 679 ne
1165 653 1240 679 una
1266 642 1421 690 quidem,
1450 652 1544 688 quae
1572 640 1631 676 illo
1650 643 1778 676 careat.
1832 639 1869 676 Si
1896 639 2042 676 tertium
2069 643 2189 676 autem
2217 638 2307 675 illud

147 703 424 750 comparationis
452 708 667 750 spectamus,
696 704 736 749 is,
764 706 825 751 qui
852 704 1014 741 carmina
1049 706 1184 740 attente
1222 703 1357 750 legerit,
1395 702 1494 738 haud
1535 701 1607 738 scio
1640 712 1686 737 an
1727 712 1808 736 mox
1851 700 2065 747 cognoverit,
2107 699 2306 736 Homerum

146 765 281 801 certam
306 762 490 812 quandam
517 761 636 813 legem
663 764 862 810 observare,
891 775 985 814 quae
1013 764 1157 813 quidem
1185 764 1282 802 illius
1308 763 1617 812 comparationum
1644 762 1787 810 propria
1813 765 1877 805 est,
1918 764 1952 797 et
1989 772 2010 797 a
2048 761 2307 797 recentioribus

149 824 264 871 poetis
290 823 472 871 neglecta:
501 835 702 872 numquam
730 826 775 862 ab
801 836 842 862 90
868 825 1053 863 1101111119111
1080 825 1229 869 1101111111,
1274 828 1338 862 aut
1362 836 1437 862 rem
1478 825 1529 860 rei
1557 823 1765 871 comparari,
1809 822 1871 859 sed
1898 833 2038 870 semper
2081 833 2140 866 ea,
2186 832 2307 870 quae

150 882 282 920 fiunt
317 881 493 939 (πράξεις)
520 878 614 922 inter
640 895 678 922 se
703 885 867 922 conferri.
922 885 1000 932 Quo
1026 885 1077 929 fit,
1106 888 1147 921 ut
1176 884 1322 921 Homeri
1348 883 1631 931 comparationes
1657 892 1741 918 cum
1759 881 2012 929 perspicuitate
2031 881 2305 929 distinguantur

146 946 224 979 tum
250 944 411 991 vigorem
438 944 620 992 quendam
647 948 681 981 et
708 945 928 981 alacritatem
956 956 1097 993 semper
1123 945 1270 992 spirent.
1324 943 1376 980 Eo
1404 943 1544 979 facilius
1571 942 1723 989 inteHigi
1751 945 1877 989 potest,
1906 952 1967 978 eas
1993 952 2111 989 usque
2138 942 2182 979 ad
2209 941 2304 979 hanc

148 1005 309 1039 nostram
336 1007 488 1041 aetatem
517 1005 652 1052 optima
677 1005 983 1052 comparationum
1013 1005 1174 1052 exempla
1201 1005 1338 1041 haberi.

292 1062 336 1101 In
362 1064 692 1112 comparationibus
719 1064 831 1112 igitur
858 1076 914 1102 res
942 1064 1107 1111 singulas
1153 1076 1227 1102 non
1252 1063 1519 1107 consectandas,
1566 1074 1641 1100 non
1684 1060 1912 1110 colligendas,
1958 1061 2019 1098 sed
2064 1061 2156 1098 facta
2200 1061 2303 1098 factis

146 1122 250 1158 modo
276 1124 518 1171 comparanda
545 1135 624 1161 esse
649 1125 831 1168 videmus;
868 1125 955 1171 quid
982 1126 1114 1161 mirum
1141 1128 1280 1172 poetam
1309 1125 1465 1161 maxima
1492 1125 1634 1160 licentia
1660 1134 1764 1170 posse
1789 1123 1843 1158 uti
1870 1123 1907 1158 in
1935 1124 2054 1166 rebus,
2091 1134 2184 1169 quae
2219 1135 2304 1160 con-

147 1182 319 1228 ferantur,
339 1183 541 1232 eligendis?
580 1184 674 1231 Quin
694 1186 800 1223 etiam
819 1197 876 1223 res
894 1190 1044 1234 possunt
1062 1185 1225 1229 conterri,
1246 1195 1337 1233 quae
1355 1185 1384 1221 si
1404 1184 1585 1232 specimen
1604 1186 1639 1220 et
1656 1183 1812 1231 figuram
1830 1185 1982 1231 spectas,
2003 1182 2093 1219 nihil
2112 1193 2304 1220 commune

152 1241 286 1279 habere
321 1242 519 1288 videantur,
556 1245 626 1281 nisi
662 1245 931 1283 similitudinem
969 1247 1164 1293 quandam,
1200 1246 1230 1282 si
1265 1247 1535 1282 commoventur
1570 1247 1633 1280 aut
1667 1244 1697 1280 si
1732 1243 1819 1290 quid
1855 1248 1980 1290 agunt,
2042 1243 2111 1279 Sed
2142 1244 2305 1291 exempla

147 1301 306 1340 afferam.
341 1303 383 1340 In
404 1307 561 1341 mentem
579 1305 684 1342 nobis
702 1306 799 1342 venit
816 1306 912 1343 illius
930 1306 1205 1354 comparationis
1225 1318 1245 1342 a
1264 1306 1348 1342 viris
1367 1316 1493 1353 parum
1515 1303 1746 1352 diligentibus
1766 1314 1966 1351 parumque
1984 1303 2176 1341 subtilibus
2194 1314 2301 1353 saepe

145 1362 351 1412 castigatae,
394 1374 467 1412 qua
486 1364 578 1413 Ajax
596 1365 698 1402 asino
716 1369 945 1415 comparatur
963 1366 1019 1416 (11.
1039 1366 1103 1403 XI.
1122 1366 1196 1403 558
1216 1364 1323 1414 sqq;).
1364 1365 1454 1413 Ajax
1473 1364 1567 1400 9111111
1588 1363 1688 1400 1111110
1709 1364 1810 1399 1110ᾱο
1829 1367 2032 1407 exornatur,
2052 1363 2081 1399 si
2100 1374 2180 1400 cum
2200 1365 2300 1401 asino

146 1424 348 1468 consertur;
378 1426 503 1462 asinus
517 1430 640 1462 autem
655 1427 738 1464 siin
753 1438 858 1474 opere
872 1431 936 1471 est,
958 1427 1108 1464 eandem
1124 1430 1300 1464 monstrat
1318 1439 1340 1473 p
1351 1438 1370 1463 e
1381 1426 1441 1463 rti
1452 1438 1476 1462 n
1489 1437 1536 1462 ac
1547 1426 1556 1462 i
1568 1437 1653 1469 am,
1674 1436 1781 1472 quam
1796 1424 1835 1461 in
1851 1424 1956 1471 Ajace
1972 1424 2200 1469 admiramur,
2219 1436 2300 1463 cum

145 1484 271 1520 contra
288 1481 409 1521 hostes
427 1487 576 1533 pugnet.
621 1486 696 1522 Aut
714 1485 801 1534 quid
818 1485 942 1535 glandi
960 1485 1150 1535 plumbeae
1168 1496 1248 1522 cum
1269 1485 1363 1522 Iride
1381 1495 1573 1521 commune
1591 1484 1671 1521 est?
1702 1484 1738 1520 Si
1752 1484 1857 1530 jacet,
1877 1485 1954 1519 91119
1973 1484 2080 1520 dubio
2099 1484 2207 1520 nihil!
2234 1485 2301 1520 Sin

146 1546 267 1580 autem
293 1544 331 1580 in
361 1556 491 1591 aquam
507 1541 509 1543 ’
513 1546 647 1593 jacitur
665 1547 789 1583 eadem
808 1546 995 1591 celeritate,
1015 1558 1088 1594 qua
1106 1547 1173 1584 Iris
1191 1547 1270 1594 ipsa
1287 1546 1473 1594 mergitur.
1527 1546 1619 1592 Quid
1637 1545 1752 1582 dicam
1772 1545 1815 1581 de
1833 1546 2115 1592 Agamemnone,
2136 1545 2196 1592 qui
2216 1556 2299 1583 cum

145 1606 249 1641 tauro
269 1602 326 1653 (Il.
346 1603 393 1649 ΙΙ,
411 1606 504 1654 480)
530 1605 574 1642 de
607 1605 729 1654 Ulyxe,
752 1607 814 1654 qui
835 1618 917 1643 cum
936 1607 1046 1644 ariete
1065 1606 1122 1654 (ΙΙ.
1142 1606 1206 1652 ΙΙΙ,
1229 1606 1315 1654 196)
1336 1606 1378 1643 de
1397 1606 1522 1642 Paride
1542 1606 1603 1653 qui
1622 1616 1704 1641 cum
1723 1615 1815 1652 equo
1833 1604 2032 1641 stabulanti
2051 1605 2109 1653 (Il.
2127 1605 2187 1649 VI,
2207 1605 2298 1654 506)

140 1664 397 1711 comparatur?
422 1665 571 1713 Semper
597 1667 743 1703 tertium
772 1668 1049 1715 comparationis
1075 1668 1113 1704 in
1141 1667 1286 1703 sactis
1325 1670 1379 1703 est
1417 1667 1585 1713 positum.
1639 1666 1786 1702 Facta
1826 1665 1928 1701 modo
1957 1670 2210 1713 comparantur
2237 1667 2299 1704 illa

140 1725 415 1773 comparatione,
455 1737 530 1774 qua
555 1726 774 1765 Diomendes
800 1727 893 1765 leoni
922 1728 1055 1765 furenti
1082 1727 1284 1776 opponitur.
1339 1727 1407 1764 Sed
1443 1726 1530 1763 haec
1557 1726 1749 1763 hactenus!
1802 1725 2052 1773 Unaquaeque
2079 1728 2297 1775 comparatio

143 1783 232 1820 mihi
259 1784 440 1822 afferenda
466 1790 577 1831 esset;
605 1798 691 1823 nam
717 1792 759 1824 ut
786 1799 896 1835 supra
922 1788 1055 1824 dictum
1083 1792 1147 1832 est,
1175 1798 1314 1834 semper
1350 1786 1411 1823 il'la
1440 1787 1648 1823 observatur
1674 1786 1741 1829 lex,
1780 1789 1822 1822 ut
1848 1786 1993 1822 tertium
2021 1788 2298 1834 comparationis

140 1844 319 1901 ,,προῖξιν“
347 1846 451 1882 modo
480 1846 639 1895 explicet.
688 1848 828 1884 Paucae
854 1847 949 1885 hanc
975 1848 1092 1896 legem
1118 1847 1330 1895 neglegunt,
1374 1857 1457 1883 cum
1482 1857 1634 1893 parvum
1677 1846 1882 1893 cogitationi
1926 1845 2043 1882 locum
2088 1848 2296 1894 praebeant.

141 1905 215 1943 Gfr.
243 1905 308 1945 Od.
334 1905 397 1950 IV,
426 1907 496 1945 791
516 1918 606 1955 sqq.‚
627 1918 696 1955 quo
723 1907 799 1944 loco
826 1908 975 1945 tertium
993 1907 1270 1956 comparationis
1289 1907 1445 1955 positum
1465 1907 1512 1943 sit
1538 1906 1575 1943 in
1602 1906 1662 1943 illo
1689 1908 1938 1964 ‚,gsppripz?,'s“,
1966 1906 2003 1943 in
2024 1907 2295 1946 considerando.

291 1966 370 2012 Qua
395 1966 432 2003 in
460 1966 612 2011 licentia,
643 1967 738 2003 tertii
766 1968 1044 2015 comparationis
1072 1972 1203 2004 natura
1229 1978 1407 2010 concessa,
1447 1970 1551 2013 poeta
1577 1970 1697 2004 tamen
1732 1968 1768 2004 id
1795 1969 1938 2005 studere
1978 1968 2090 2011 debet,
2130 1972 2172 2004 ut
2213 1973 2296 2016 apta

138 2025 231 2074 aptis
257 2028 439 2074 comparet
465 2029 505 2067 et,
525 2026 735 2074 praesertim
762 2026 876 2075 legem
906 2026 1004 2063 illam
1033 2027 1205 2072 observet,
1233 2038 1289 2064 res
1316 2039 1336 2063 a
1354 2026 1615 2064 consuetudine
1641 2027 1825 2064 oculorum
1853 2028 2032 2075 seiunctas
2059 2028 2168 2065 rebus
2187 2028 2292 2066 modo

136 2086 304 2124 sensibus
331 2086 506 2135 perceptis
533 2087 765 2135 opponendas
791 2098 880 2125 9999,
935 2087 972 2124 Si
1004 2088 1099 2124 enim
1119 2086 1298 2134 Vergilius
1317 2097 1487 2134 angorem
1504 2086 1654 2124 Didonis
1681 2098 1763 2123 cum
1790 2087 1911 2124 furore
1926 2087 2060 2124 Orestis
2087 2088 2125 2125 in
2154 2089 2294 2126 scaenis

135 2151 328 2195 comparat,
368 2147 405 2184 id
438 2148 469 2184 ei
497 2148 638 2185 crimini
666 2148 744 2185 dari
770 2148 884 2186 debet.
943 2148 1044 2195 Quod
1070 2148 1197 2185 vitium
1223 2148 1401 2185 Homerus
1427 2159 1630 2196 numquam
1657 2147 1851 2192 commisit3
1892 2159 1977 2185 narn
2003 2148 2033 2186 si
2062 2148 2156 2186 viros
2182 2148 2292 2187 fortes

138 2207 214 2245 deis
239 2210 431 2255 comparat,
459 2207 494 2244 id
517 2207 599 2255 jure
625 2208 657 2244 ei
684 2208 945 2256 ignoscendum
973 2209 1050 2246 erit.
1103 2208 1168 2245 Dei
1198 2209 1304 2252 enim,
1345 2208 1406 2255 qui
1434 2220 1508 2244 non
1536 2209 1701 2245 sensibus
1736 2208 1798 2245 sed
1825 2212 1943 2245 mente
1983 2210 2232 2245 tantummodo
2258 2212 2295 2246 et

134 2267 351 2317 cogitatione
376 2267 631 2317 percipiuntur,
659 2267 705 2305 ad
730 2269 1024 2317 comparationes,
1062 2270 1090 2307 si
1118 2273 1285 2307 naturam
1313 2280 1435 2306 earum
1463 2273 1612 2318 spectas,
1642 2269 1713 2318 apti
1740 2280 1817 2306 esse
1860 2280 1933 2306 non
1977 2269 2163 2315 videntur;
2208 2282 2291 2309 cum

140 2330 262 2364 autem
307 2328 363 2364 dei
409 2328 589 2364 Homerici
638 2329 773 2375 ubique
818 2330 1097 2377 perfectissimae
1144 2331 1278 2377 species
1317 2331 1390 2366 sint
1428 2331 1654 2377 proprietatis
1694 2331 1878 2377 cujusdam
1919 2330 2125 2373 humanae,
2165 2332 2201 2367 id
2240 2336 2295 2368 est

136 2388 188 2425 rei
227 2387 395 2426 sensibus
434 2391 656 2436 perspectae,
691 2388 773 2436 jure
807 2400 868 2427 eos
904 2388 1066 2428 adhiberi
1094 2389 1139 2427 ad
1166 2389 1449 2438 comparationes
1477 2389 1586 2434 dices,
1626 2389 1831 2438 praesertim
1865 2399 1946 2426 cum
1974 2388 2156 2438 longiores
2182 2389 2292 2439 expli-

137 2447 295 2483 cationes
322 2450 584 2483 removeantur.
640 2448 717 2493 Quo
744 2448 793 2491 fit,
821 2453 864 2484 ut
893 2450 1146 2496 Agamemnon
1172 2449 1321 2495 ejusque
1347 2449 1465 2496 figura
1505 2461 1525 2484 a
1553 2450 1656 2485 nobis
1684 2451 1785 2495 quasi
1813 2450 1924 2485 oculis
1960 2451 2070 2485 videri
2099 2452 2221 2497 possit,
2261 2452 2291 2487 si

135 2507 194 2556 (11.
221 2506 267 2553 H,
296 2507 488 2556 477—79)
514 2506 684 2557 legimus:

134 2616 221 2648 Wclt
240 2616 297 2648 auf
314 2615 378 2648 und
399 2616 481 2648 lasst
501 2616 556 2648 ihn
578 2616 611 2648 in
636 2615 801 2657 Gesangen
828 2617 892 2649 und
913 2616 1087 2649 Gedichten
1108 2615 1223 2648 wieder
1243 2616 1504 2648 herausstromen.
1523 2639 1530 2646 .
1554 2640 1561 2647 .
1585 2640 1592 2647 .
1637 2616 1709 2647 Sein
1732 2615 1856 2656 Gesang
1885 2616 1929 2647 ist
1957 2626 2016 2647 nur
2040 2617 2097 2648 wie
2120 2617 2170 2649 die
2191 2618 2289 2658 allge-

133 2668 233 2700 meine
255 2667 388 2701 Stimme
409 2668 464 2699 der
485 2668 554 2699 zeit
576 2668 641 2699 und
674 2668 728 2700 des
750 2668 871 2700 Lebens
902 2669 958 2700 das
993 2679 1026 2700 er
1057 2668 1193 2709 besingt.
1237 2668 1329 2699 Diese
1361 2669 1476 2708 vtillige
1500 2668 1744 2708 Unterordnung
1776 2669 1875 2699 seines
1897 2667 2030 2705 Geistes,
2067 2669 2151 2700 diese
2183 2671 2289 2710 innige

133 2720 263 2752 Einheit
283 2720 384 2751 seines
405 2720 490 2752 Ich’s
511 2720 576 2752 und
598 2721 698 2752 seines
719 2720 954 2761 Gegenstandes
983 2731 1048 2753 war
1075 2731 1135 2752 nur
1155 2720 1302 2761 moglich,
1337 2720 1447 2752 sobald
1469 2730 1502 2751 er
1524 2721 1556 2751 in
1578 2719 1751 2751 kindlicher
1772 2719 2030 2752 Unbewusstheit
2065 2721 2165 2753 selbst
2186 2721 2290 2753 nichts

140 2771 311 2801 Schoneres
333 2771 397 2801 und
420 2771 560 2802 Hoheres
580 2773 708 2809 kannte,
731 2774 778 2803 als
801 2783 865 2803 was
886 2773 1114 2809 Wirklichkeit‚
1147 2783 1212 2803 was
1234 2773 1316 2812 Sage
1343 2772 1407 2802 und
1429 2772 1616 2803 Geschichte
1646 2772 1700 2803 der
1723 2772 1907 2811 jugendlich
1934 2773 2205 2812 vergrossernden,
2235 2773 2290 2804 der

132 2822 437 2855 aussehmflckenden
449 2823 621 2855 Phantasie
643 2823 851 2857 darbrachten
864 2836 872 2862 ;
896 2823 1008 2856 sobald
1019 2833 1052 2855 er
1065 2834 1123 2856 nur
1136 2823 1285 2856 aufnahm
1300 2823 1364 2854 und
1379 2822 1554 2864 wiedergab
1573 2822 1636 2854 und
1651 2823 1717 2854 sich
1734 2822 1833 2854 selbst
1853 2823 1910 2854 wie
1928 2823 1984 2855 das
1999 2823 2288 2865 gleichgestimmte

132 2873 244 2905 Gefiss
264 2873 413 2911 9199111911,
437 2873 494 2905 das
517 2873 566 2906 die
588 2874 846 2906 ausstromenden
869 2875 954 2907 Τὸ119
974 2875 1038 2906 und
1061 2874 1111 2906 die
1132 2875 1257 2915 Klange
1279 2874 1333 2905 des
1354 2874 1473 2905 Lebens
1496 2874 1561 2905 und
1583 2875 1637 2905 der
1658 2874 1853 2905 Aussenwelt
1875 2875 2090 2906 znruoktonte.

2088 2926 2130 2959 δ’.
