2535 3077
1094 42 1098 55 ¹¹
1194 72 1245 115 '13

417 166 775 247 tumssquifaudiunt,
801 162 995 236 subvenire
1017 198 1120 246 quasi
1146 194 1282 236 volunt.
1332 197 1373 235 Si
1397 196 1544 244 singula
1577 195 1684 232 modo
1718 198 1782 232 aut
1820 179 1935 248 panea
1973 194 2068 232 inter
2091 204 2132 231 ee
2156 151 2303 242 canipa-

278 250 498 307 {jammonae
519 258 586 307 'per
611 256 843 297 brevitatew
873 257 1103 296 nominamus
1127 256 1427 307 (Vergleichung)
1452 256 1657 294 sinautem
1691 255 1836 293 uberius
1869 253 2060 303 fusiusque
2085 253 2299 302 disputatur,

209 365 213 368 γ
262 372 267 375 ἢ
293 307 431 356 luta&
454 316 613 366 perfecta
638 317 759 366 imago
785 316 992 366 effingatur,
1018 316 1086 355 hoc
1112 321 1167 355 est
1191 317 1332 354 collatio
1358 317 1432 355 sive
1457 316 1675 364 comparatio
1700 314 1957 363 (Gleichniss).

197 401 200 404 '
225 398 235 442 ᾗ
291 385 504 444 Ubicunque
531 397 804 445 imaginationis
830 398 883 435 vis
910 398 1002 436 acris
1028 402 1064 435 et
1089 398 1200 435 ardua
1226 401 1289 441 est,
1316 398 1364 434 ibi
1391 396 1644 434 translationes
1690 399 1727 433 et
1765 392 1903 443 figurae
1941 396 2300 444 comparationesque

139 454 452 505 frequentissimae
477 460 575 496 sunt.
627 456 763 495 Gentes
789 457 834 495 ad
873 458 1046 495 orientem
1089 468 1212 495 versus
1238 456 1443 501 incolentes,
1488 466 1639 503 quorum
1684 454 1797 492 animi
1839 454 2002 492 nondum
2044 453 2174 492 imbuti
2215 455 2302 492 sunt

139 515 300 554 siccitate
324 515 387 553 illa
413 519 448 553 et
472 516 674 561 sobrietate,
715 528 829 565 usque
855 517 898 554 ad
935 516 1030 554 hanc
1056 521 1215 554 nostram
1242 520 1395 554 aetatem
1421 516 1582 552 animum
1623 514 1690 551 sibi
1717 518 2018 551 conservaverunt
2055 514 2239 562 integrum
2263 516 2301 550 et

140 577 385 624 incorruptum
412 572 608 624 earumque
632 588 749 625 genus
775 577 906 615 dicindi
934 577 1152 625 imaginibus
1178 576 1384 614 distinctum
1412 580 1448 613 et
1473 575 1664 613 abundans
1690 573 1834 611 mansit.
1887 573 1989 610 Aliae
2026 576 2153 622 gentes
2180 575 2301 610 autem

104 666 110 672 .
141 636 233 675 haec
258 639 482 681 ornamenta,
510 647 602 684 quae
628 648 670 674 ex
697 637 819 674 usitati
845 637 1020 674 sermonis
1055 647 1185 684 genere
1206 637 1280 684 jam
1309 636 1367 673 diu
1396 639 1594 679 evaserunt,
1636 635 1674 671 in
1700 635 1837 683 poetico
1864 634 2003 671 dicendi
2042 643 2175 681 genere
2213 643 2299 669 con·

144 707 288 735 servare
313 696 537 734 studuerunt.
591 696 700 734 Poeta
726 697 823 734 enim
850 696 911 745 qui
938 696 974 734 id
1000 707 1146 744 operam
1172 696 1243 741 dat,
1271 700 1310 734 ut
1327 707 1417 740 eum,
1446 696 1507 743 qui
1528 695 1627 732 audit
1653 695 1728 732 sive
1754 694 1850 743 legit,
1878 694 1916 731 in
1943 704 2098 731 errorem
2117 692 2298 741 quendam

139 756 318 806 poeticum
346 760 382 793 et
407 767 490 793 eum
518 757 661 804 quidem
689 757 934 804 gratissimum
960 757 1105 794 inducat
1130 762 1165 794 et
1191 757 1235 794 ad
1262 756 1447 805 pulchrum
1481 760 1516 793 et
1542 762 1732 794 venustum
1759 756 1863 805 quasi
1890 755 2039 800 attollat,
2067 760 2150 793 ante
2175 755 2299 792 omnia

140 817 250 854 etiam
275 819 425 854 venusto
466 820 507 854 et·
525 816 676 865 pulchro
715 817 854 853 dicendi
881 817 1005 865 generi
1043 817 1183 855 studere
1217 817 1556 865 imaginationisque
1594 817 1757 854 ubertate
1785 817 1835 854 uti
1863 816 1967 853 debet
1993 809 2102 864 quam
2128 815 2298 852 maxima.

92 927 96 930 ι
145 876 295 925 Semper
333 876 444 925 igitur
469 888 587 914 sermo
626 877 753 925 figuris
793 878 1188 925 comparationibusque
1226 877 1413 914 distinctus
1453 876 1563 913 multo
1602 877 1856 925 praeferendus
1896 879 1951 914 est
1975 876 2067 913 sicco
2106 879 2142 912 et
2166 875 2299 917 sobrio,

141 937 205 975 sed
231 948 305 974 non
333 936 452 975 minus
478 937 691 981 cavendum,
717 948 762 974 ne
789 938 870 985 quis
896 938 1115 986 argumentis
1143 938 1228 986 ipsis
1254 938 1328 974 fere
1355 936 1527 985 neglectis
1553 937 1779 981 redundanti,
1817 940 1856 974 ut
1881 936 1932 973 ita
1958 936 2085 979 dicam,
2112 938 2147 972 et
2176 945 2299 983 super-

140 996 266 1033 fluenti
294 997 450 1044 quadam
486 997 627 1034 dicendi
654 997 798 1034 licentia
824 998 1006 1044 nimioque
1033 998 1203 1034 orationis
1230 1001 1357 1033 ornatu
1391 1000 1426 1032 et
1451 995 1549 1032 cultu
1577 996 1723 1032 modum
1749 996 1963 1044 egrediatur.
2016 995 2194 1032 Homerus
2220 995 2298 1043 ipse

139 1056 242 1094 testis
268 1060 330 1101 est,
344 1056 421 1104 ‘qui
447 1056 485 1095 in
511 1056 623 1094 Iliade
649 1068 725 1101 sua,
753 1068 823 1105 quo
864 1057 901 1094 in
928 1057 1086 1094 carmine
1125 1067 1263 1094 summo
1302 1055 1490 1104 splendore
1516 1058 1553 1092 et
1577 1059 1725 1103 aparatu
1766 1056 1887 1100 utitur,
1933 1058 2075 1092 centum
2115 1054 2299 1103 octoginta

139 1117 238 1160 duas,
267 1117 306 1153 in
333 1117 493 1164 Odyssea
519 1121 635 1154 autem
666 1118 774 1154 molto
802 1118 1016 1165 simpliciore
1042 1118 1374 1164 undequadraginta
1417 1116 1521 1152 modo
1547 1116 1832 1162 comparationes
1858 1115 2037 1158 adhibeat,
2066 1126 2211 1161 *easque
2236 1126 2301 1162 per

141 1174 286 1225 singula
312 1175 474 1213 carmina
499 1186 620 1213 rerum
645 1179 873 1214 narratarum
901 1177 1038 1214 ratione
1064 1176 1187 1214 habita
1213 1187 1293 1213 cum
1321 1186 1456 1224 magna
1481 1174 1651 1212 varietate
1676 1174 1852 1224 disponat.

288 1257 325 1294 N
329 1268 348 1294 e
374 1257 420 1294 sit
445 1257 556 1306 igitur
581 1258 851 1306 imaginationis
878 1258 931 1295 vis
958 1257 1138 1302 effrenata,
1174 1268 1238 1294 nec
1265 1257 1376 1293 libera
1401 1255 1558 1304 vagandi
1593 1254 1696 1302 quasi
1736 1253 1905 1291 facultate
1932 1257 2061 1298 utatur,
2106 1254 2176 1291 nisi
2203 1263 2296 1302 quae

140 1328 183 1354 ea
209 1315 442 1364 effinguntur,
469 1317 630 1354 diffluere
657 1323 691 1355 et
717 1318 827 1355 dilabi
854 1319 916 1362 vis,
957 1319 1019 1355 sed
1045 1322 1161 1355 certae
1187 1318 1361 1365 quaedam
1399 1317 1497 1365 leges
1532 1318 1564 1354 ei
1591 1318 1835 1354 observandae
1873 1320 1968 1360 sunt,
2007 1316 2136 1363 quibus
2176 1317 2300 1353 omnia

142 1376 405 1418 contineantur,
432 1377 779 1423 circumscribantur,
817 1378 1031 1416 animentur.
1085 1377 1232 1415 Summa
1258 1378 1315 1415 lex
1340 1381 1465 1426 poetae
1504 1381 1557 1415 est
1595 1377 1724 1414 innata
1761 1376 1938 1425 quaedam
1977 1375 2165 1424 elegantia,
2205 1386 2297 1424 quae

138 1436 178 1474 in
204 1437 374 1474 varietate
400 1448 520 1474 rerum
546 1442 662 1486 posita
689 1439 733 1475 ad
759 1438 1023 1486 simplicitatem
1049 1442 1168 1475 tamen
1197 1438 1386 1485 pertineat;
1414 1438 1515 1474 cuius
1542 1438 1596 1474 vis
1621 1437 1848 1484 cognoscitur
1861 1437 1969 1473 rebus
1995 1436 2083 1486 ipsis
2109 1435 2300 1483 eligendis,

141 1506 273 1544 genere
312 1495 452 1533 dicendi
479 1497 675 1546 perspicuo,
712 1497 851 1541 illustri,
879 1502 970 1547 apto,
999 1508 1160 1546 quaeque
1202 1497 1246 1534 ad
1273 1496 1491 1545 singularem
1531 1496 1630 1533 illam
1669 1507 1831 1534 summae
1869 1495 2096 1544 perfectionis
2138 1496 2293 1543 speciem

143 1555 264 1592 animo
291 1559 327 1593 et
352 1557 567 1604 cogitatione
593 1562 801 1606 conceptam
821 1558 978 1595 attrahit.
1032 1558 1146 1604 Quam
1164 1558 1325 1605 speciem,
1355 1568 1574 1604 quamquam
1592 1558 1630 1593 in
1649 1558 1722 1593 vita
1738 1557 1901 1593 humana
1919 1567 2100 1603 nusquam
2120 1556 2297 1599 invenias,

142 1615 331 1664 permultis
358 1616 443 1654 locis
470 1617 760 1665 temporibusque
795 1618 890 1665 apud
916 1629 981 1655 nos
1009 1618 1109 1667 quasi
1145 1616 1300 1665 effigiem
1327 1617 1382 1654 sui
1407 1616 1561 1665 reliquit,
1601 1628 1710 1664 quam
1735 1617 1797 1654 ubi
1823 1616 1954 1664 reperit
1999 1619 2113 1663 poeta,
2154 1616 2192 1653 in
2231 1627 2298 1653 sua

141 1675 326 1719 convertit,
354 1679 389 1712 et
414 1676 459 1712 ad
485 1676 647 1713 carmina
672 1688 739 1713 sua
764 1677 1010 1725 componenda
1046 1676 1203 1714 adhibet.
1257 1676 1363 1713 Poeta
1397 1677 1495 1713 enim
1521 1687 1595 1713 non
1621 1676 1738 1713 solum
1778 1679 1891 1713 totum
1931 1686 2035 1712 suum
2062 1686 2207 1712 carmen
2234 1675 2297 1712 sed

145 1735 253 1772 etiam
280 1738 399 1783 partes
425 1737 530 1774 certis
569 1737 707 1774 artificii
750 1737 864 1785 signis
892 1738 1008 1775 notari
1048 1738 1130 1781 vult,
1167 1743 1202 1774 et
1240 1738 1270 1775 si
1296 1737 1441 1774 Homeri
1481 1737 1764 1785 comparationes
1797 1736 1996 1774 accuratius
2035 1736 2295 1784 perspeximus,

139 1805 222 1831 mox
249 1795 425 1843 quomodo
452 1795 511 1832 ille
538 1796 624 1833 artis
649 1801 837 1845 praecepta
864 1801 898 1834 et
925 1797 1020 1845 leges
1047 1803 1186 1834 secutus
1213 1797 1270 1841 sit,
1298 1797 1506 1841 videbimus,
1548 1797 1643 1845 quod
1669 1796 1813 1844 quidem
1854 1796 1988 1844 optime
2027 1806 2295 1843 cognoscemus,

139 1855 171 1892 si
198 1855 342 1902 prinum
368 1855 630 1902 disputabimus
668 1857 712 1892 de
751 1858 971 1904 argumentis
1011 1857 1317 1904 comparationum
1343 1857 1499 1899 Homeri,
1545 1862 1621 1893 tum
1647 1861 1768 1893 autem
1812 1868 1882 1903 quo
1925 1857 2029 1892 modo
2074 1857 2297 1903 argumentis

117 1952 119 1955 ,
141 1913 212 1952 illis
239 1925 325 1953 usus
352 1914 409 1953 sit.
1777 1907 1794 1915 ”

625 2036 656 2073 1.
709 2035 772 2074 De
805 2035 1139 2085 argumentis³)
1175 2036 1582 2085 comparationum
1612 2036 1818 2074 Homeri.

291 2115 382 2155 Cum
408 2120 512 2166 poeta
538 2116 758 2168 singularem
794 2117 893 2156 illam
921 2117 1042 2156 animo
1078 2117 1308 2156 informatam
1346 2129 1508 2157 summae
1546 2117 1774 2168 perfectionis
1808 2117 2003 2167 imaginem
2039 2117 2182 2166 assequi
2212 2116 2297 2155 velit

139 2187 267 2225 resque
293 2176 472 2215 humanas
499 2178 544 2215 ob
571 2188 651 2215 eam
677 2188 823 2216 causam
850 2179 954 2217 nobis
981 2183 1020 2216 ut
1046 2183 1130 2216 sunt
1170 2183 1252 2216 ante
1278 2179 1398 2217 oculos
1424 2191 1496 2217 non
1523 2183 1643 2228 ponat,
1676 2184 1798 2217 tamen
1823 2190 1889 2216 eae
1913 2179 2133 2216 carminibus
2173 2181 2212 2215 ut
2238 2178 2299 2215 lux

140 2239 226 2277 solis
253 2239 355 2287 quasi
381 2241 556 2287 repercuti
583 2241 723 2285 debent,
752 2242 847 2288 quod
874 2241 944 2279 illis
971 2242 1114 2290 penitus
1139 2242 1309 2290 neglectis
1336 2253 1402 2278 nos
1428 2241 1466 2278 in
1493 2241 1594 2277 illum
1617 2241 1805 2288 poeticum,
1832 2241 1876 2277 de
1902 2251 1971 2287 quo
1998 2251 2110 2287 supra
2130 2239 2297 2281 diximus,

140 2309 298 2337 errorem
324 2299 497 2336 deducere
524 2311 597 2337 non
625 2303 750 2349 potest,
791 2313 813 2338 a
838 2301 942 2339 nobis
981 2312 1055 2338 non
1081 2300 1308 2349 intelligetur.
1362 2300 1411 2337 Ut
1450 2302 1569 2337 autem
1595 2300 1773 2337 Homerus
1813 2298 1978 2348 epithetis
2018 2299 2095 2336 suis
2131 2299 2299 2335 comunia

141 2360 246 2397 modo
272 2362 307 2396 et
334 2359 512 2396 naturalia
550 2360 589 2397 in
629 2361 734 2397 rebus
761 2364 796 2398 et
823 2360 1030 2398 hominibus
1057 2361 1212 2398 ostendit
1238 2364 1450 2408 nostrosque
1484 2360 1623 2397 animos
1662 2359 1975 2397 vehementissime
2013 2361 2207 2407 permovet,
2252 2359 2303 2395 ita

103 2418 249 2484 ,etiam
276 2418 315 2455 in
340 2418 667 2466 comparationibus
693 2420 769 2457 suis
795 2420 840 2457 ad
868 2431 920 2464 ea,
948 2431 1039 2467 quae
1065 2420 1233 2457 facillime
1267 2420 1311 2457 ad
1338 2419 1612 2467 intelligendum
1638 2422 1733 2464 sunt,
1770 2430 1853 2456 eum
1877 2418 2093 2456 descendere
2120 2417 2297 2455 videmus.

97 2486 105 2496 ⁵
130 2475 233 2514 'Cum
259 2476 357 2513 enim
384 2477 495 2513 aciem
523 2478 653 2514 mentis
680 2490 702 2514 a
727 2479 983 2516 consuetudine
1009 2479 1189 2515 oculorum
1217 2480 1390 2516 abducere
1416 2479 1509 2523 velit,
1550 2479 1601 2515 eis
1628 2478 1690 2525 qui
1729 2478 1858 2525 legunt
1895 2478 1971 2514 vias
1999 2477 2101 2524 quasi
2130 2477 2299 2524 expedire

142 2539 177 2574 et
205 2536 329 2574 omnia
355 2547 446 2585 quae
473 2537 518 2574 ab
545 2537 595 2575 eis
619 2537 694 2586 jam
720 2539 797 2577 visa
823 2542 858 2577 et
884 2539 1029 2589 cognita
1055 2543 1148 2583 sunt,
1188 2539 1226 2577 in
1262 2551 1326 2577 sua
1365 2542 1570 2577 convertere
1596 2538 1712 2576 debet.
1764 2538 1862 2575 Num
1888 2536 2027 2575 Helena
2061 2535 2123 2574 illa
2157 2547 2240 2574 vere
2281 2549 2303 2574 a

185 2645 239 2677 VI.
265 2645 324 2687 Ep.
349 2647 511 2678 terrae.

330 2698 359 2730 1.
383 2692 502 2741 χυτός.
535 2698 564 2732 2.
588 2688 773 2742 ἠλίβατος.

173 2744 243 2776 VII.
266 2745 323 2785 Ep.
345 2746 572 2777 montium.

330 2796 357 2827 1.
382 2789 526 2845 νιφόεις.
562 2797 592 2829 2.
615 2788 784 2843 αἶιγλήεις.
820 2798 848 2830 3.
871 2790 1096 2842 πολυδειράς.

160 2853 250 2885 VIII.
273 2854 330 2893 Ep.
356 2853 567 2893 lapidum.
595 2845 738 2898 τρηχύς,

309 2909 334 2950 ³)
356 2911 420 2945 cfr.
462 2911 621 2944 Arnoldus
644 2911 780 2949 Passow,
804 2910 842 2942 de
864 2920 963 2951 comp.
985 2909 1163 2942 homericis.
1206 2908 1344 2940 Berolini
1368 2908 1456 2940 1872.
