2535 3077
1219 46 1286 111 ⁴11

9 172 404 258 *me-0
427 195 533 235 vireu
546 189 732 234 flamma&
762 195 855 234 Aen.
882 194 926 240 V,
951 195 1039 234 681.
1078 193 1121 233 ll.
1148 194 1192 240 V,
1219 194 1253 232 4.
1295 193 1374 239 XV,
1402 193 1487 231 598.
1517 194 1601 232 731.
1640 192 1736 238 XVI,
1767 193 1836 231 122
1863 198 1899 232 et
1924 194 2020 240 alibi,
2056 194 2122 232 Od.
2150 194 2229 241 XX,
2259 195 2343 234 123.

417 254 844 309 ΠΙ,18,1.ᾰιάμαι-ω
872 272 954 310 πυρ.

184 313 502 365 „ambromoeque
506 319 649 356 roma&
672 315 772 354 'Aen-
799 314 843 360 X,
870 314 1027 354 403-11
1052 313 1079 359 I,
1108 314 1193 354 529.
1222 314 1418 368 ἀμβρόσιαι
1447 314 1550 370 δἀρα
1578 321 1713 366 χαῖται.

2 352 15 363 “
40 349 53 382 ⁵
112 393 121 399 .
183 375 477 421 ,versieulofibus
501 375 633 411 armis
663 375 755 412 Aen
781 374 1008 418 x,181.11
1035 373 1100 416 111,
1129 374 1213 411 327
1240 378 1388 416 ποικίλα
1414 376 1530 425 τεῦχε
1561 376 1685 415 ἔχει..

330 445 456 482 Restat
479 448 519 481 ut
543 445 588 482 de
614 445 829 492 quibusdam
856 444 1023 492 epithetis
1050 445 1263 482 ornantibus
1290 445 1418 489 dicam,
1446 456 1537 492 quae
1564 455 1639 482 non
1666 447 1740 481 tam
1767 448 1881 482 certas
1907 444 2143 493 proprietates
2169 454 2288 482 rerum
2307 446 2344 481 et

180 502 372 541 hominum
398 502 612 551 significent,
633 514 740 552 quam
760 503 835 540 sint
852 503 1000 540 nomina
1018 503 1180 539 ordinem
1199 503 1484 551 dignitatemque
1503 503 1659 539 virorum
1678 506 1715 539 et
1731 503 1946 539 feminarum
1966 505 2139 541 notantia.
2171 504 2343 540 Carmina

180 565 278 603 enim
291 564 437 602 Homeri
464 576 544 602 cum
559 565 779 613 temporibus
792 565 989 613 composita
1014 564 1096 608 sint,
1125 563 1255 611 quibus
1281 562 1417 600 nobilia
1431 562 1647 599 Graecorum
1668 573 1802 610 genera
1815 563 2024 600 auctoritate
2040 562 2199 601 valerent
2210 572 2341 611 resque

177 624 341 673 publicae
353 625 427 663 fere
442 624 573 673 ubique
586 625 632 662 ab
644 624 874 673 optimatibus
889 625 1188 674 gubernarentur,
1208 623 1339 659 mirum
1354 633 1429 659 uon
1447 626 1510 667 est,
1527 622 1621 670 quod
1635 623 1680 659 ab
1696 622 1836 659 illorum
1858 625 2056 671 temporum
2074 623 2176 671 quasi
2191 623 2339 671 ingenio

178 687 215 722 et
226 685 346 723 indole
359 685 458 723 nullo
473 685 577 722 modo
592 685 817 730 dissentiunt,
836 686 1047 734 praesertim
1061 696 1142 721 cum
1161 683 1329 731 rhapsodi
1348 683 1442 731 apud
1457 683 1636 730 principes
1654 687 1689 719 et
1706 683 1845 720 nobiles
1859 687 1942 720 ante
1961 684 2083 720 omnia
2096 687 2335 721 versarentur.

178 745 304 795 Itaque
330 746 522 795 unicuique
547 745 698 795 principi
725 756 800 783 non
826 744 953 790 solum,
981 744 1043 783 sed
1062 745 1170 782 etiam
1188 744 1264 781 viro
1292 743 1384 781 inter
1402 746 1537 781 ceteros
1555 742 1740 781 excellenti
1767 746 1802 780 et
1820 754 1921 781 servo
1942 754 2092 792 quoque.
2113 747 2152 780 ut
2166 743 2337 784 Eumaeo.

178 817 312 844 nomen
339 807 532 854 apponitur
557 807 770 853 dignitatem
797 810 832 842 01
858 807 1021 843 ordinem
1047 806 1122 853 ejus
1149 805 1372 852 significans.
1425 803 1516 840 Cum
1545 808 1663 840 autem
1690 815 1804 850 usque
1822 804 1868 840 ad
1887 804 2111 841 Pisistratum
2140 809 2336 852 tyrannum

177 866 369 915 populique
394 865 582 915 imperium
610 876 651 902 ac
677 864 875 913 potentiam
901 864 1104 902 restitutam
1131 863 1388 912 appellationes
1414 863 1497 900 illae
1524 869 1558 900 et
1584 866 1799 900 ornamenta
1819 864 1896 911 Jam
1924 864 2058 901 deletae
2085 869 2215 909 essent,
2243 865 2337 902 docti

178 927 245 965 viri
272 927 340 964 hac
367 927 406 964 in
432 938 470 963 re
497 925 587 963 nihil
614 925 712 962 aliud
738 925 855 962 facere
881 928 1085 972 potuerunt,
1126 935 1233 971 quam
1270 928 1310 960 ut
1335 924 1556 971 conjecturas
1595 924 1860 969 constituerent,
1898 925 1935 961 id
1962 925 2056 972 quod
2084 925 2126 962 G.
2154 925 2336 963 Jordanus

178 987 467 1035 ingeniosissime
484 986 577 1023 fecit.
583 986 615 1033 ¹)
660 986 772 1031 Quem
792 986 822 1022 si
840 985 965 1021 ducem
985 985 1178 1031 sequimur,
1200 986 1359 1037 ὄρχαμῃς
1377 988 1431 1020 081
1455 983 1567 1020 dux
1544 1002 1715 1054 ppxoelw&
1733 988 1836 1025 xam-
1871 996 2033 1022 summus
2067 985 2149 1029 dux,
2177 985 2337 1041 ὄρχαμος

177 1046 318 1103 ἀνδρῶν
347 1047 378 1083 18
404 1046 465 1093 qui
492 1045 635 1081 ordines
662 1044 759 1080 ducit
784 1044 868 1086 sive,
897 1049 937 1079 ut
960 1043 1152 1086 Eumaeus,
1180 1048 1299 1079 custos
1326 1043 1475 1089 alicujus
1502 1043 1734 1095 1·01;αὶγαυο’ς
1773 1044 1955 1090 significat
1989 1045 2143 1090 aliquem
2181 1047 2334 1082 summis

176 1106 263 1144 locis
289 1104 690 1159 118111111,ιαρηκομόων
717 1115 809 1149 011111,
838 1103 898 1151 qui
925 1114 1005 1140 cum
1033 1113 1106 1140 non
1134 1113 1256 1141 servus
1285 1102 1341 1148 sit,
1369 1101 1535 1151 capillum
1564 1102 1781 1151 promissum
1807 1103 2335 1157 1181101;βασιλεὺς,(1110(1,81

173 1166 272 1203 verbi
298 1166 473 1214 originem
499 1169 649 1212 spectas,
677 1168 841 1200 nostrum
872 1162 1054 1210 „“Herzog
1086 1173 1164 1199 esse
1191 1163 1340 1206 videtur,
1369 1166 1455 1205 erat,
1495 1167 1534 1198 ut
1560 1163 1623 1199 Od
1653 1163 1794 1207 1.‚394
1821 1164 1912 1200 effici
1940 1168 2065 1211 potest,
2104 1167 2156 1202 vir
2183 1167 2333 1203 minoris

177 1226 415 1270 auctoritatis;
446 1224 602 1279 διογένης
629 1227 683 1261 081
710 1222 816 1260 homo
849 1222 939 1270 regii
967 1222 1120 1270 generis,
1149 1221 1332 1277 διοτρεφής
1360 1221 1526 1270 princeps
1564 1226 1603 1259 ut
1629 1233 1695 1259 nos
1728 1222 1876 1260 dicimus
1907 1223 1972 1267 „de
1999 1224 2053 1261 dei
2081 1225 2217 1273 gratia⁶⁴
2225 1254 2233 1263 .
2287 1225 2334 1262 Et

177 1286 208 1323 si
234 1285 272 1323 in
290 1285 510 1323 carminibus
528 1285 615 1322 illud
642 1281 842 1332 (Αλκινοω)
875 1284 968 1335 ἱερὸν
999 1283 1103 1335 μένος
1133 1283 1207 1319 sive
1239 1283 1486 1335 (Τελεμάχου)
1517 1284 1591 1335 ἱερὴ
1620 1279 1650 1329 ἴς
1680 1283 1891 1326 invenimus,
1908 1294 1950 1319 ea
1968 1295 2042 1321 non
2062 1284 2183 1321 dubito
2202 1286 2334 1322 nostris

174 1346 366 1383 Germanis
393 1346 510 1383 verbis
537 1355 763 1393 comparare:
795 1373 810 1387 „
843 1342 877 1380 S.
906 1342 1105 1390 Majestaet,
1133 1343 1276 1388 Hoheit,
1304 1343 1570 1381 Durchlaucht“
1601 1347 1667 1381 cet.
1701 1341 1706 1345 ”

325 1406 484 1444 Nomina
512 1405 621 1442 etiam
649 1403 896 1453 patronymica
922 1402 1055 1450 aliquid
1082 1402 1224 1441 honesti
1253 1403 1385 1440 habere
1425 1408 1460 1439 et
1486 1404 1530 1439 ad
1558 1403 1786 1440 honorandos
1813 1404 1978 1440 homines
2006 1404 2177 1446 adhiberi,
2206 1406 2235 1441 si
2264 1405 2334 1441 alia

173 1467 359 1515 dignitatis
386 1468 537 1505 nomina
564 1467 703 1509 desunt,
731 1464 851 1512 colligi
877 1467 993 1511 potest
1019 1475 1061 1500 ex
1087 1463 1129 1500 Il.
1156 1464 1199 1508 X,
1229 1464 1275 1501 68
1304 1475 1382 1511 sqq.
1436 1463 1489 1500 Ibi
1518 1463 1613 1500 enim
1643 1463 1727 1501 dicit
1742 1465 1989 1512 Agememnon
2016 1464 2183 1502 Menalao
2210 1464 2332 1503 fratri:

679 1560 834 1614 φᾶἑγςεο
866 1556 896 1597 δ’
927 1551 948 1608 ἧ
978 1572 1036 1596 κεν
1068 1559 1192 1606 ἴῃσθα,
1223 1559 1280 1596 καὶ
1310 1555 1525 1612 ἐγρήγορθαι
1556 1555 1699 1608 ἄνωχθι

678 1623 951 1682 flat-pober
984 1623 1022 1665 ἐκ
1050 1624 1171 1679 γενεῆς
1201 1623 1390 1678 ὀνομάζων
1421 1624 1532 1681 ἄνδρα
1563 1623 1722 1669 ἕκαστον,

678 1693 821 1739 Πάντας
851 1696 1022 1733 κυδαίνων
1053 1694 1140 1747 μηδὲ
1172 1695 1360 1746 μεγαλίζεο
1391 1692 1511 1748 θυμῷ.

175 1777 222 1814 Et
247 1777 312 1814 Od.
340 1778 367 1822 I,
394 1778 480 1816 429.
509 1778 677 1815 Euriklea
713 1790 792 1817 cum
822 1780 1036 1828 appelletur:
1069 1779 1183 1827 Ὦπος
1212 1780 1374 1836 θυγάτηρ
1407 1783 1660 1834 Πεισηνορίδαο
1689 1784 1723 1817 et
1749 1780 1850 1827 quasi
1869 1778 2022 1817 nobilior
2049 1778 2099 1822 fit,
2127 1789 2204 1815 cum
2229 1782 2330 1826 pater

173 1840 208 1875 et
234 1849 321 1875 avus
348 1838 422 1887 eJus
449 1838 655 1876 afferantur.
684 1840 813 1877 Omnia
839 1840 927 1878 haec
954 1839 1121 1889 epitheta,
1159 1851 1239 1877 cum
1266 1840 1460 1878 homnibus
1487 1841 1699 1889 dignitatem
1742 1840 1921 1887 quandam
1949 1839 2153 1887 praebeant,
2182 1838 2328 1874 Homeri

173 1908 287 1946 genus
314 1898 454 1935 dicendi
479 1898 632 1936 reddunt
659 1900 769 1937 multo
797 1901 941 1949 gravius
968 1905 1004 1938 et
1030 1901 1252 1949 majestatem
1279 1902 1310 1938 ei
1338 1902 1519 1949 quandam
1546 1902 1782 1949 impertiunt„

321 1969 358 2007 Si
385 1971 506 2007 omnia
532 1971 685 2008 breviter
711 1971 897 2019 complecti
923 1971 1086 2009 volumus
1114 1983 1205 2020 quae
1245 1973 1288 2009 de
1327 1971 1493 2020 epithetis
1520 1972 1732 2009 ornantibus
1772 1972 2014 2020 cognovimus,
2055 1969 2214 2019 epitheta
2253 1981 2328 2007 non

169 2028 294 2066 inania
318 2030 382 2067 sed
407 2030 514 2079 plena
540 2031 687 2079 ingenii,
715 2032 956 2068 vetustissima
982 2042 1135 2080 cumque
1170 2031 1305 2080 mythis
1346 2032 1432 2080 ipsis
1460 2036 1579 2068 coorta
1606 2037 1816 2068 ornamenta
1855 2042 2003 2079 graecae
2044 2034 2078 2067 01
2117 2031 2327 2078 praesertim

169 2090 379 2128 Homericae
404 2092 522 2140 poesis
549 2104 627 2130 esse
653 2093 825 2131 videmus.
878 2093 997 2141 Atque
1015 2093 1191 2131 Homerus
1218 2093 1312 2131 inter
1337 2105 1462 2131 omnes
1489 2092 1628 2131 excellit
1653 2098 1785 2142 poetas,
1821 2104 1902 2130 cum
1929 2095 1963 2146 01
1990 2091 2076 2130 artis
2104 2095 2140 2130 et
2166 2091 2326 2141 priorum

170 2154 355 2199 poetarum
383 2151 504 2200 legum
529 2153 607 2201 pari
635 2153 739 2198 modo
766 2153 904 2190 ratione
930 2154 1055 2190 habita
1082 2155 1118 2190 in
1146 2154 1314 2201 epithetis
1331 2155 1508 2201 perpetuis
1536 2153 1750 2190 adhibendis
1778 2154 1922 2189 modum
1951 2158 2080 2196 teneat,
2108 2154 2327 2200 ingenioque

169 2222 233 2247 suo
253 2214 400 2248 strenuo
418 2216 453 2249 et
470 2213 644 2250 industrio
663 2213 879 2250 uberrimam
897 2214 1036 2262 copiam
1055 2214 1379 2262 pulcherrimorum
1398 2214 1636 2262 epithetorum
1655 2214 1909 2262 exquisitorum
1928 2213 1995 2252 sibi
2015 2216 2128 2262 paret.
2156 2212 2327 2262 Epitheta

168 2270 247 2319 ipsa
274 2273 393 2307 autem
419 2282 539 2308 rerum
567 2275 704 2308 tantum
734 2273 968 2320 proprietates
995 2278 1286 2318 commemorant,
1315 2284 1406 2321 quae
1428 2274 1501 2321 jam
1531 2278 1662 2310 natura
1688 2285 1809 2310 earum
1835 2274 2097 2317 contineantur,
2125 2278 2159 2310 et
2178 2274 2325 2310 Homeri

168 2331 386 2369 carminibus
414 2332 676 2379 simplicitatem
704 2333 988 2380 dignitatemque
1014 2338 1164 2370 naturae
1191 2334 1459 2371 convenientem
1482 2335 1691 2372 attribuunt.
1745 2335 1874 2382 Nugae
1897 2333 1978 2371 illae
1996 2338 2123 2371 acutae
2143 2337 2179 2371 et
2196 2332 2323 2378 salsae,

168 2401 260 2439 quae
286 2390 324 2429 in
351 2391 464 2440 poetis
490 2392 744 2441 imperatorum
773 2397 969 2441 temporum
997 2393 1229 2431 inveniuntur
1257 2394 1350 2442 apud
1377 2394 1574 2431 Homerum
1602 2394 1741 2431 nullum
1768 2394 1903 2431 habent
1929 2393 2094 2441 locum.²)

329 2744 354 2782 ¹)
378 2744 426 2775 W.
449 2744 578 2784 Jordan,
597 2744 742 2785 Odyssee.
774 2743 803 2775 S.
826 2744 945 2775 XXIII.

327 2795 352 2833 ²)
374 2795 439 2827 cfr.
472 2795 509 2825 G.
542 2796 711 2835 Kopetsch,
745 2795 782 2825 de
812 2795 989 2826 differentia
1012 2796 1164 2826 orationis
1187 2796 1371 2826 Homericae
1393 2800 1423 2826 et
1446 2798 1656 2835 posteriorum
1678 2797 1833 2836 epicorum
1856 2797 1887 2826 in
1911 2805 1969 2826 usu
1992 2795 2206 2834 epithetorum
2230 2796 2325 2826 certis

167 2846 374 2878 substantivis
394 2847 445 2878 vel
467 2848 553 2878 certo
577 2846 846 2878 substantivorum
868 2847 974 2887 generi
994 2847 1065 2886 plus
1087 2847 1189 2877 minus
1211 2846 1457 2878 adhaerentium.
1489 2846 1573 2887 Lyck
1596 2847 1684 2878 1873.
1729 2846 1963 2878 Jahresbericht
1980 2846 2033 2877 des
2052 2845 2283 2886 Gymnasium&

329 2909 490 2949 Kopetoeh
510 2910 652 2948 epitheta
674 2910 841 2941 Homerica
861 2909 976 2940 dividit
996 2910 1045 2941 in:

2078 2961 2115 2989 28
