2535 3077
0 213 22 225 “’
50 201 65 231 ’·
100 182 102 184 r
135 259 150 266 ι,
171 235 217 244 -
261 212 380 252 Simili
420 213 525 252 modo
553 211 713 252 Achilles
754 215 904 252 mortem
946 212 1079 251 Patroli
1116 212 1248 262 lugens
1275 212 1336 262 (Il.
1363 210 1496 257 XXIV,
1523 212 1547 251 9
1571 212 1683 262 ηᾳη)
1722 210 1996 262 Agamemnon
2010 222 2078 253 m
2093 218 2231 257 ma·

1238 92 1288 131 26

169 273 230 327 (ΙΙ.
256 274 301 320 X,
329 275 380 313 94
406 265 504 324 sqq.)
562 273 780 322 Saepissime
820 275 961 318 autem,
1002 284 1095 321 quae
1133 273 1360 321 paucissimis
1399 272 1518 311 verbis
1556 275 1746 317 notantur,
1785 282 1844 310 res
1872 264 2061 312 ἰιιιτιιιι-
2071 259 2297 323 m
2322 316 2337 324 „
2376 315 2379 317 ,

168 335 301 386 planas
339 334 507 373 reddunt.
560 333 704 378 Nestor,
745 343 853 382 quem
883 333 1136 381 Agamemnon
1163 336 1271 370 noctu
1300 332 1477 376 convenit,
1504 334 1611 381 caput
1636 331 1819 371 sublatum
1843 332 1964 372 cubito
1988 331 2101 378 fulcit,
2130 324 2349 381 phusqm'm‘

169 396 268 444 loqui
309 394 469 442 incipiat,
522 393 582 441 (11.
610 393 654 437 X,
682 393 742 431 80.
770 393 836 430 Od.
863 393 960 437 XIV,
987 393 1091 441 494.)
1144 393 1343 440 Ingeniosa
1378 397 1433 431 est
1457 392 1647 440 descriptio
1674 404 1815 430 morum
1841 397 2124 441 naturarumque
2151 390 2279 440 Ulyxis
2305 394 2342 429 et

167 455 326 496 Menelai
370 453 429 504 (Il.
456 452 521 498 ΠΙ,
565 453 638 490 210
681 453 779 502 sqq.)
824 464 934 501 quam
974 451 1129 501 Lessing
1168 452 1245 500 jam
1291 452 1574 501 praeclarissime
1614 451 1816 490 illustravit.
1830 452 1862 500 ι)
1913 451 2024 490 Cuius
2069 451 2197 491 similis
2241 451 2340 491 locus

166 517 355 555 invenitur
393 515 435 550 Il.
473 513 606 557 XXIV,
639 513 733 551 359:
776 524 900 555 comae
940 513 1131 559 eriguntur
1172 514 1314 549 Priamo
1354 524 1490 560 angore
1528 517 1706 550 commoto
1746 513 1784 550 in
1823 514 1995 552 membris
2034 512 2260 551 flexibilibus.
2298 534 2342 541 —

171 574 440 626 Descriptiones
467 575 587 612 autem
615 572 654 612 in
681 572 1011 623 comparationibus
1036 571 1229 621 dispersae,
1259 582 1350 621 quae
1376 581 1421 609 ex
1438 571 1511 609 vita
1537 571 1748 610 animalium
1775 576 1980 623 assumptae
2005 577 2101 614 sunt.
2127 583 2203 610 non
2221 572 2342 610 minus
2411 611 2414 615 ,

170 639 301 687 plenae
341 639 428 673 sunt
467 635 670 681 elegantiae
709 638 744 670 et
783 634 994 671 venustatis.
1048 634 1131 677 Leo,
1169 645 1276 680 quem
1304 637 1492 670 venatores
1520 635 1683 681 aggressi
1710 638 1805 678 sunt,
1832 635 2079 682 conquiniscit,
2107 646 2236 683 spuma
2261 638 2346 672 ante

170 709 236 738 ora
274 697 350 746 ejus
392 698 565 745 apparet;
607 693 750 731 animus
790 693 866 742 ejus
909 692 1126 731 fortissimus
1153 693 1337 742 premitur,
1366 692 1481 730 cauda
1506 692 1589 730 ferit
1614 692 1727 731 latera
1752 704 1940 742 coxasque,
1968 694 2135 732 tortuosis
2161 695 2343 742 postremo

173 758 289 798 assilit
329 757 453 794 oculis.
509 755 567 805 (Il.
606 755 684 799 XX,
728 755 798 793 168
825 757 921 801 sqq.)
973 756 1072 801 Apro
1112 750 1245 791 fui'enti
1272 754 1400 791 ardent
1426 753 1517 791 oculi
1544 758 1710 801 setasque
1736 755 1812 802 ejus
1839 756 2027 804 eriguntur
2053 754 2112 803 (11.
2139 754 2238 800 XIII,
2266 755 2343 803 73),

172 820 325 860 bovibus
352 817 540 857 arantibus
566 816 675 855 sudor
696 816 800 865 juxta
826 826 961 852 cornua
987 813 1101 852 effluit
1128 813 1243 864 (XIII,
1274 812 1375 863 705).
1405 835 1451 840 -
1480 813 1659 861 Quantam
1685 818 1804 853 autem
1833 815 1905 853 vim
1923 815 2100 854 Homerus
2118 815 2157 853 in
2174 815 2219 854 iis
2236 815 2344 853 rebus

173 879 419 919 describendis
460 889 594 926 ponere
632 879 757 925 potuit,
798 888 890 924 quae
931 877 1053 913 anima
1093 877 1234 912 carent!
1288 876 1441 912 Currum
1467 876 1633 919 Junonis,
1661 880 1840 923 sceptrum
1867 878 2164 924 Agamemnonis,
2192 876 2342 914 Achillis

166 943 326 985 scutum,
367 938 524 976 Pandari
567 949 690 975 arcum
719 959 763 964 —
792 935 859 974 has
899 947 1025 974 omnes
1064 947 1120 973 res
1156 946 1229 973 non
1267 935 1387 972 animo
1415 935 1531 973 solum
1557 936 1742 984 concipere
1768 947 1958 985 possumus
1984 936 2048 974 sed
2073 936 2181 974 etiam
2208 939 2345 985 quanta

173 1002 310 1040 fuerint
348 1000 527 1048 dignitate
568 1002 604 1035 et
642 997 907 1046 pulchritudine
947 997 1037 1034 scire
1073 997 1262 1033 credimus.
1317 995 1405 1032 Cum
1443 995 1539 1033 enim
1579 996 1733 1034 vidimus
1772 998 1949 1044 quomodo
1988 1008 2113 1035 currus
2139 1000 2175 1035 et
2200 1001 2342 1035 scutum

173 1061 269 1099 facta
309 1063 449 1101 essent,
491 1058 668 1106 quomodo
696 1060 876 1105 sceptrum
904 1056 991 1092 illud
1018 1060 1053 1093 et
1080 1067 1193 1099 arcus,
1223 1055 1443 1098 audivimus,
1486 1056 1601 1102 magis
1642 1057 1830 1104 magisque
1868 1068 1993 1094 earum
2018 1069 2139 1094 rerum
2166 1057 2339 1094 memoria

174 1120 396 1158 oblectamur
435 1128 598 1166 quasque
625 1117 685 1163 qui
714 1117 907 1163 possident,
937 1117 1053 1163 magis
1080 1117 1271 1163 magisque
1299 1115 1395 1161 apud
1422 1126 1498 1158 noe,
1526 1116 1562 1151 id
1588 1117 1682 1162 quod
1709 1118 1827 1154 studet
1852 1122 1966 1165 poeta,
1996 1118 2098 1165 quasi
2125 1118 2336 1155 auctoritate

173 1181 306 1220 valent
359 1180 519 1227 Quarum
556 1190 676 1215 rerum
704 1189 779 1215 non
816 1177 953 1215 formae
981 1178 1084 1215 nobis
1112 1175 1382 1225 cognoscendae
1409 1179 1504 1220 sunt,
1532 1187 1617 1214 nam
1644 1177 1757 1224 pictor
1782 1188 1840 1214 eas
1866 1177 1970 1215 nobis
1998 1177 2124 1215 melius
2151 1178 2339 1223 describet,

174 1242 236 1281 sed
263 1240 391 1278 formis
417 1250 540 1276 earum
568 1238 674 1275 nobis
702 1238 910 1281 ostenditur,
939 1242 1076 1285 quanta
1102 1238 1146 1274 iis
1173 1237 1295 1281 insit
1302 1236 1484 1290 s-gpysmn

328 1300 398 1338 Sed
438 1299 485 1344 id,
527 1299 622 1347 quod
665 1299 800 1336 dictum
842 1302 913 1336 est:
958 1298 1196 1346 „quandoque
1238 1269 1353 1338 bonus
1394 1300 1562 1337 dormitat
1601 1298 1797 1336 Homerus“
1814 1297 1846 1346 2)
1885 1298 1994 1336 etiam
2021 1298 2058 1335 in
2085 1298 2341 1347 descriptiones

174 1361 337 1401 adhiberi
364 1360 514 1397 videtur.
569 1358 837 1407 Descriptiones
865 1358 946 1395 illae
973 1359 1128 1405 quidem,
1156 1370 1248 1406 quae
1276 1360 1378 1397 Iliadi
1399 1361 1533 1404 insunt,
1561 1370 1643 1396 cum
1662 1370 1704 1396 ea
1722 1359 1868 1396 omnino
1887 1359 2011 1396 floreat
2028 1359 2163 1396 maiore
2187 1359 2342 1407 quodam

173 1425 316 1473 vigore,
357 1421 537 1460 breviores
579 1424 666 1457 sunt
705 1419 932 1467 aptioresque
972 1429 1012 1455 ac
1047 1422 1140 1456 recte
1166 1419 1210 1456 de
1238 1419 1307 1458 illis
1335 1420 1403 1457 dici
1430 1423 1565 1469 potest,
1606 1419 1700 1467 quod
1727 1418 1940 1468 Bernhardy
1967 1419 2010 1456 de
2038 1418 2173 1456 Graeco
2200 1418 2340 1457 dicendi

173 1494 306 1532 genere
345 1483 513 1519 universo
555 1481 640 1517 dicit
652 1479 703 1527 3);
749 1479 889 1523 „Deren
929 1478 1009 1526 (der
1047 1479 1245 1525 objectiven
1286 1480 1397 1528 Rede)
1433 1480 1634 1528 gluckliche
1668 1479 1942 1527 Nachwirkung
1977 1480 2119 1518 besteht
2144 1481 2195 1517 im
2222 1481 2340 1519 vollen

172 1542 360 1582 Eindruck
402 1542 464 1579 des
504 1539 738 1578 anschaulich
780 1539 854 1575 und
881 1538 1015 1586 kraftig
1042 1538 1294 1576 entwickelten
1322 1539 1550 1578 Gedankens.
1603 1540 1694 1577 Eine
1721 1539 1841 1577 solche
1868 1539 1994 1577 Macht
2019 1541 2107 1577 iiber
2133 1540 2201 1577 den
2230 1540 2340 1578 Leser

173 1604 309 1641 fordert
336 1601 563 1645 Reichthum,
592 1600 755 1637 Klarheit
782 1600 856 1636 und
885 1598 1011 1635 Starke
1039 1599 1102 1635 der
1121 1599 1398 1648 Beobachtung;
1427 1601 1539 1639 daher
1557 1602 1685 1638 ordnet
1701 1601 1774 1639 und
1793 1601 1945 1648 gliedert
1963 1601 2026 1638 der
2044 1601 2166 1639 antike
2184 1602 2340 1650 Vortrag

173 1664 274 1702 seine
314 1662 452 1700 Details
492 1662 531 1698 in
572 1661 635 1697 der
674 1659 927 1696 wirksamsten
967 1658 1080 1706 Folge
1120 1671 1188 1695 von
1230 1660 1456 1698 Merkmalen
1498 1661 1574 1698 und
1599 1661 1900 1709 ·schilderungen
1940 1661 2043 1698 mehr
2077 1661 2250 1710 plastisch
2285 1662 2337 1699 als

173 1723 366 1762 malerisch
406 1723 480 1759 und
522 1722 578 1758 die
618 1719 813 1757 Phantasie
848 1720 911 1756 des
948 1719 1162 1757 Darstellers
1189 1720 1265 1757 halt
1293 1721 1428 1759 Schritt
1457 1723 1521 1760 mit
1548 1723 1628 1759 dem
1656 1722 1777 1759 Masse
1803 1722 1865 1759 des
1893 1721 2055 1759 Stoffes.“
2110 1721 2155 1759 In
2181 1721 2341 1771 Odyssea

173 1790 293 1824 autem
334 1786 440 1831 poeta
466 1782 609 1829 saepius
637 1791 710 1817 non
738 1779 853 1817 solum
882 1780 992 1816 nimis
1020 1779 1090 1816 late
1117 1781 1180 1817 sed
1209 1781 1316 1817 etiam
1344 1783 1528 1820 obscurius
1555 1794 1612 1820 res
1639 1783 1812 1819 tractavit.
1867 1782 1962 1819 Nam
1990 1783 2167 1830 quomodo
2194 1782 2338 1820 hortum

173 1844 315 1883 Alcinoi
342 1842 426 1891 (Od.
454 1840 533 1885 VII,
566 1840 636 1876 112
663 1839 760 1887 sqq.)
787 1843 926 1887 portum
956 1839 1102 1875 Ithacae
1129 1839 1210 1886 (Od.
1239 1840 1337 1885 XIII,
1367 1842 1557 1890 95—117)
1585 1845 1650 1878 cet.
1679 1842 1874 1889 descripsit,
1902 1852 2018 1888 neque
2041 1841 2196 1886 hortum,
2223 1853 2340 1889 neque

174 1910 319 1956 portum
359 1907 444 1940 ante
484 1902 605 1939 oculos
645 1901 749 1938 nobis
790 1900 899 1947 ponit.
954 1900 1031 1937 Hae
1071 1900 1327 1948 descriptiones
1367 1905 1452 1939 sunt
1487 1901 1666 1950 simplices
1693 1902 1795 1949 quasi
1822 1906 1857 1940 et
1883 1901 2053 1941 molestae
2079 1901 2238 1951 picturae
2263 1903 2342 1942 sine

176 1966 247 2005 ullo
275 1965 408 2013 vigore,
436 1963 515 2001 sine
541 1961 615 1999 ulla
640 1960 840 2008 elegantia;
869 1960 985 2008 legem
1013 1961 1111 1996 enim
1138 1960 1246 2004 illam,
1275 1962 1526 2008 gravissimam
1554 1962 1597 1999 de
1624 1973 1694 2009 qua
1714 1962 1792 2009 Jam
1818 1963 1951 1999 dictum
1970 1967 2033 2007 est,
2062 1963 2237 2011 neglexit:
2265 1975 2332 2008 res,

176 2037 270 2075 quae
291 2025 395 2072 juxta
422 2023 512 2060 alias
539 2025 643 2058 erant
669 2022 707 2057 in
734 2021 858 2068 spatio,
888 2032 962 2057 non
989 2024 1069 2068 post
1096 2033 1154 2057 eas
1181 2022 1314 2068 posuit.
1811 2015 1814 2018 ’

328 2096 427 2142 Quae
453 2105 535 2130 cum
562 2093 612 2129 ita
637 2092 721 2136 sint,
749 2095 868 2128 tamen
898 2090 1074 2128 Homerus
1102 2091 1209 2128 etiam
1236 2091 1275 2128 in
1302 2091 1598 2139 descriptionibus
1625 2102 1663 2129 se
1690 2092 1854 2140 praebuit
1871 2092 2126 2141 peritissimum
2144 2097 2180 2131 et
2197 2094 2338 2143 ingeni-

174 2156 380 2194 osissimum
421 2153 617 2195 artificem
657 2161 903 2199 quaecumque
944 2154 1067 2197 poetae
1107 2152 1344 2197 posteriorum
1384 2155 1584 2199 temporum
1619 2156 1914 2200 composuerunt,
1956 2154 2001 2189 ad
2040 2154 2116 2201 ejus
2155 2155 2337 2202 exemplar

175 2216 295 2254 efficta
332 2219 429 2252 sunt.
482 2213 598 2260 Quam
632 2211 777 2249 difficile
804 2214 925 2248 autem
952 2211 1008 2254 sit,
1049 2221 1130 2246 eum
1160 2210 1370 2257 adaequare,
1412 2211 1541 2248 iterum
1568 2212 1671 2249 nobis
1698 2212 1844 2260 Vergilii
1873 2213 2034 2261 exemplo
2061 2213 2336 2253 demonstratur.

172 2277 225 2315 Ut
249 2277 288 2314 in
316 2274 483 2324 epithetis
510 2278 545 2311 et
572 2274 610 2311 in
637 2271 975 2321 comparationibus,
1004 2271 1054 2308 sic
1081 2271 1188 2308 etiam
1218 2271 1255 2308 in
1283 2271 1579 2320 descriptionibus
1597 2283 1636 2310 se
1654 2274 1799 2321 praebet
1817 2273 2033 2311 imitatorem
2053 2275 2158 2312 modo
2178 2275 2335 2314 Homeri.

175 2338 259 2376 Sive
284 2336 470 2373 hominem
497 2334 666 2371 describit
692 2332 979 2369 considerantem
1009 2332 1116 2378 (Aen.
1145 2331 1224 2375 VII,
1255 2331 1339 2369 249
1366 2332 1430 2369 cfr.
1458 2332 1499 2368 Il.
1527 2332 1591 2377 111,
1618 2332 1709 2381 217)
1737 2334 1811 2370 sive
1837 2333 2022 2371 hominem
2040 2335 2160 2371 dolore
2177 2335 2372 2373 affectum
2391 2343 2438 2401 ξι·
2463 2307 2530 2414 x

174 2399 284 2446 (Aen.
312 2395 392 2439 VH,
434 2395 519 2432 292.
563 2394 628 2430 Od.
658 2393 700 2434 V
743 2392 837 2435 285;
878 2393 969 2429 Aen.
999 2391 1060 2435 XI,
1100 2392 1186 2429 831.
1227 2391 1267 2428 Il.
1296 2391 1409 2435 XXII,
1437 2393 1628 2439 361-63)
1669 2393 1743 2431 sive
1770 2393 2010 2431 admirantem
2049 2394 2157 2443 (Aen.
2184 2395 2229 2439 II,
2259 2396 2344 2434 774.
2370 2411 2437 2443 *a

172 2457 215 2495 n.
243 2455 374 2500 XXIV,
404 2454 493 2500 389)
521 2464 663 2502 semper
691 2452 837 2489 Homeri
865 2451 1026 2487 imitatur
1053 2450 1265 2498 exemplum.
1312 2451 1599 2489 Praeclarissime
1620 2452 1799 2500 Vergilius
1826 2464 1998 2500 magnam
2024 2464 2177 2502 gregum
2204 2455 2343 2502 copiam
2394 2445 2407 2487 τί

173 2517 357 2568 significat
397 2515 490 2563 (Ecl.
518 2514 564 2557 II,
606 2513 691 2561 21):
737 2512 857 2556 „mille
885 2523 985 2548 meae
1013 2511 1140 2549 Siculis
1167 2515 1291 2549 errant
1316 2512 1355 2548 in
1383 2512 1564 2549 montibus
1592 2517 1709 2561 agna“
1716 2540 1725 2549 .
1766 2513 1934 2550 Horatius
1961 2514 2079 2562 ipsum
2106 2514 2275 2552 victorem
2302 2515 2341 2554 in

173 2575 350 2615 curriculo
376 2574 561 2622 Olympico
590 2572 702 2610 oculis
730 2573 863 2610 nostris
891 2573 1043 2610 subiicit.
1097 2573 1254 2618 Ovidius,
1283 2574 1343 2621 qui
1370 2574 1548 2621 Lycaonis
1574 2574 1929 2622 transfigurationem
1956 2575 2134 2619 describit,
2163 2576 2250 2612 illud
2279 2578 2342 2621 „fit
2360 2601 2460 2615 ,ᾖ

172 2637 302 2686 lupus?
345 2635 453 2680 addit,
494 2636 687 2683 postquam
728 2632 767 2670 in
794 2632 963 2670 omnibus
992 2633 1161 2670 membris
1190 2633 1367 2681 quomodo
1395 2634 1604 2671 commutati
1630 2635 1703 2672 sint
1729 2635 1894 2673 ostendit.
1949 2634 2175 2683 Quantopere
2215 2639 2334 2674 autem

123 2691 126 2695 ”
174 2698 356 2736 Homerus
383 2696 434 2733 eis
460 2697 626 2744 praestet,
656 2693 905 2741 intelligimus,
943 2694 972 2730 si
1002 2693 1050 2730 illi
1080 2694 1214 2741 majora
1242 2695 1484 2743 experiuntur.
1538 2695 1736 2744 Vergilium
1764 2695 1909 2743 ingenio
1936 2695 2083 2732 Homeri
2110 2695 2209 2733 nullo
2236 2698 2341 2735 modo

301 2817 325 2855 ι)
347 2817 412 2849 Cfr.
435 2816 580 2847 Laocoon
604 2815 709 2846 XXII.

301 2868 327 2909 ¹)
350 2868 463 2900 Horat.
487 2867 587 2907 Epist.
611 2866 653 2902 II,
677 2867 706 2897 3.
730 2865 799 2897 359.

301 2922 326 2961 ⁸)
348 2920 541 2962 Bernhardy,
564 2919 688 2952 Griech.
711 2920 775 2951 Lit.
799 2919 824 2955 Ι,
848 2930 877 2959 p.
903 2920 971 2951 152.
