2535 3077
1219 89 1270 127 20
1343 66 1345 69 .

682 208 867 264 ὄμματα.
895 212 953 250 καὶ
970 209 1146 266 κεφαλὴν
1175 212 1295 257 ἴκελος
1321 210 1384 252 Διὶ
1411 209 1675 268 τορπιυραῦνφ

731 276 835 331 Ἀραὶ·
859 274 898 317 δε
928 277 1058 326 Ceos-nv,
1089 278 1239 329 στέρνον
1268 276 1306 317 δε
1337 272 1572 318 Ποσειδάωνι

159 353 345 402 majestas,
372 352 544 401 dignitas,
570 352 691 390 cultus
717 352 840 401 regius
875 351 953 400 ejus
981 352 1194 391 admiranda
1220 357 1319 392 sunt.
1373 354 1560 393 Permovet
1593 365 1660 393 nos
1694 314 1926 403 pulchritudo
1950 353 2124 396 Helenae
2137 349 2359 424 Αρημδι
2450 390 2462 394 ,,

157 415 428 470 χρυσηλακάτῳ
458 415 568 454 εἰκυῖα
596 410 1226 460 (Od.1v‚122);Naus10aaequo
1265 413 1384 451 forma
1420 414 1707 463 praeclarissima
1745 417 1829 452 ante
1870 415 1991 453 oculos
2030 415 2135 453 nobis
2173 393 2359 464 ponitur-³³⁸*

159 475 324 515 versibus
349 473 420 512 illis
448 471 620 522 (Od.V1.
652 472 720 510 151
748 471 867 520 sqq.):

722 541 912 597 Ἀρτεμιδί
942 558 982 583 σε
1010 541 1132 597 ἔγωγε.
1164 542 1252 591 Διος
1280 561 1391 599 ιουρη
1423 546 1596 599 μεγάλοιο

721 605 812 656 ειδός
841 625 879 648 τε
909 610 1064 661 μὲγεθός
1093 625 1133 649 τε
1161 611 1254 665 φυήν
1283 608 1313 648 τ’
1343 609 1500 664 ἄγχιστα
1529 615 1647 659 dnm,

160 688 295 737 quibus
321 663 486 724 versibus
500 685 732 733 comparatio
758 684 821 722 illa
846 696 931 722 cum
957 684 1079 732 palma
1104 685 1209 723 Delia
1235 685 1317 735 (Od.
1347 686 1408 731 VI,
1438 687 1509 725 160
1537 688 1635 735 sqq.)
1662 686 1807 724 accedit.

312 747 384 784 Sed
409 757 485 784 non
510 745 628 783 solum
655 756 713 782 res
740 750 821 793 apte
848 744 990 786 electae,
1018 746 1081 782 sed
1107 746 1215 783 etiam
1235 747 1326 784 bene
1346 746 1544 794 explicatae
1569 758 1652 784 cum
1680 746 1725 783 ad
1742 733 1998 789 exornandam,
2017 748 2096 786 tum
2115 745 2326 793 praesertim

160 810 207 849 ad
232 807 483 857 exponendam
509 805 813 853 comparationem
840 805 1083 853 pertinebunt.
1137 806 1175 843 Si
1202 807 1307 844 modo
1326 817 1385 844 res
1399 806 1604 855 singulares
1618 805 1860 854 temporisque
1876 804 1997 842 brevia
2022 804 2128 841 modo
2142 808 2324 843 momenta

161 870 323 919 imagine
366 866 578 916 explicanda
616 868 714 909 sunt,
754 866 963 913 saepissime
996 878 1112 904 unum
1140 867 1275 905 sufficit
1315 868 1477 905 verbum.
1531 867 1569 905 Si
1609 861 1709 903 Il.I
1692 865 1720 911 I,
1760 865 1808 902 47
1848 867 1945 906 νυκή
1984 863 2112 913 ἆοιιῶς
2146 865 2326 914 ·legimus,

161 931 231 969 hoc
270 940 345 967 uno
383 928 492 964 verbo
533 927 653 974 figura
691 926 814 963 tetrica
853 930 889 964 et
928 928 1058 965 tristris
1087 927 1264 975 Apollinis
1299 927 1405 965 nobis
1444 928 1667 971 describitur,
1706 930 1742 964 et
1773 927 1851 964 sine
1877 927 2174 975 explicationibus
2199 929 2326 974 poetae

162 989 346 1031 tristitiam
384 987 436 1024 rei
475 986 675 1035 perspicere
713 997 908 1034 possumus
973 987 1075 1034 Quod
1114 990 1311 1034 angustum
1355 987 1460 1034 quasi
1500 986 1808 1035 comparationum
1839 997 1968 1034 genus,
2008 986 2107 1034 quod
2137 989 2262 1034 postea
2287 986 2326 1023 in

161 1049 337 1101 poematis
368 1047 514 1084 >melicis
541 1046 728 1089 increbuit,
771 1046 957 1094 paullatim
985 1047 1160 1084 usitatum
1188 1058 1266 1083 esse
1302 1047 1453 1090 videtur,
1498 1057 1582 1083 cum
1617 1046 1780 1094 Odyssea
1814 1046 2070 1094 posterioribus
2105 1045 2327 1094 temporibus

163 1107 579 1164 conscripta‘pauciores
606 1105 825 1151 collationes,
852 1106 958 1154 plura
984 1106 1115 1143 similia
1141 1117 1204 1154 per
1222 1107 1431 1143 brevitatem
1458 1106 1600 1151 habeat,
1628 1117 1739 1153 quam
1757 1105 1855 1144 Ilias.
1896 1105 1965 1143 Sed
1983 1107 2091 1144 etiam
2117 1106 2325 1144 collationes

163 1181 260 1220 quae
285 1180 342 1207 res
368 1166 488 1206 fusius
515 1165 718 1214 explanant,
747 1166 783 1203 in
812 1166 971 1203 carmine
998 1166 1139 1202 heroico
1181 1166 1315 1214 optimo
1348 1166 1432 1213 jure
1458 1166 1704 1210 inveniuntur,
1745 1176 1829 1202 cum
1868 1177 1993 1203 earum
2033 1166 2152 1204 fusius
2186 1165 2327 1203 dicendi

164 1242 282 1283 genus
308 1231 463 1267 naturae
489 1229 524 1263 et
550 1226 707 1263 sermoni
735 1225 813 1273 ejus
839 1227 987 1264 omnino
1031 1227 1220 1265 conveniat
1263 1231 1297 1264 et
1336 1238 1378 1264 ea
1419 1238 1512 1276 quae
1551 1230 1757 1272 narrantur,
1796 1227 1827 1264 si
1867 1227 1992 1276 gravia
2030 1230 2117 1265 sunt
2155 1226 2328 1275 longique

162 1290 344 1340 temporis,
372 1286 598 1335 aliquamdiu
626 1286 729 1333 quasi
758 1290 1009 1334 persequatur.

312 1348 531 1387 Collationes
558 1346 671 1395 igitur
697 1347 743 1384 ab
770 1346 926 1385 Homero
954 1347 1163 1396 praesertim
1188 1348 1233 1385 ad
1252 1348 1387 1397 proelia
1404 1348 1632 1397 depingenda
1650 1347 1879 1386 adhibentur.
1916 1327 2176 1387 Collationibus
2203 1352 2325 1387 autem

164 1418 200 1452 et
225 1411 404 1451 similibus
430 1419 494 1457 per
520 1407 731 1445 brevitatem
759 1418 900 1455 semper
926 1408 1042 1445 utitur
1068 1408 1105 1445 in
1125 1408 1259 1445 ducum
1278 1409 1539 1454 controversiis,
1562 1408 1734 1453 cladibus,
1762 1409 2105 1457 oppugnationibus
2124 1408 2327 1458 naufragiis

163 1475 317 1521 aliisque
344 1470 477 1508 talibus
504 1469 614 1505 rebus
641 1468 843 1505 accuratius
870 1472 905 1505 et
931 1467 1140 1516 diligentius
1168 1468 1391 1512 enarrandis,
1425 1472 1467 1505 ut
1493 1468 1617 1516 paucis
1643 1468 1770 1512 dicam,
1797 1468 1827 1505 si
1855 1468 1943 1516 quid
1969 1479 2078 1516 grave
2104 1472 2140 1506 et
2165 1469 2328 1508 mirabile

154 1533 294 1582 ,accidit
326 1532 444 1578 iisque
478 1528 542 1576 qui
574 1527 712 1575 legunt,
753 1531 837 1564 ante
863 1527 985 1564 oculos
1027 1528 1130 1575 quasi
1174 1528 1379 1575 ponendum
1420 1531 1484 1571 est,
1525 1531 1567 1565 ut
1605 1528 1640 1564 id
1677 1528 1773 1576 quod
1812 1528 2069 1576 intelligentiae
2110 1529 2180 1565 vim
2219 1532 2328 1577 atque

163 1596 341 1635 rationem
366 1592 496 1639 fugere
521 1588 695 1633 videatur,
724 1600 746 1626 a
772 1589 841 1625 fide
868 1588 989 1626 minus
1017 1588 1219 1625 abhorreat.
1272 1588 1364 1625 Fere
1403 1600 1607 1636 numquam
1643 1588 1760 1626 simile
1798 1588 2028 1634 desideratur,
2073 1592 2115 1627 ut
2146 1588 2214 1627 hoc
2245 1594 2328 1627 utar

164 1652 338 1702 exemplo,
366 1651 397 1688 si
425 1650 532 1686 deum
560 1649 722 1686 videmus
748 1649 844 1687 inter
870 1648 1036 1685 homines
1063 1648 1286 1690 existentem,
1328 1659 1420 1695 quae
1446 1660 1503 1686 res
1530 1654 1673 1697 propter
1699 1649 1894 1686 novitatem
1934 1652 2018 1686 ante
2056 1650 2179 1686 omnia
2216 1649 2326 1686 simili

164 1714 316 1762 indiget.
368 1711 436 1748 Dei
473 1710 706 1752 immortates,
747 1709 776 1746 si
817 1704 861 1746 de
900 1708 997 1745 caelo
1038 1708 1262 1752 delabuntur,
1305 1708 1358 1745 vel
1399 1709 1526 1746 avibus
1566 1713 1832 1757 comparantur,
1875 1713 1916 1747 ut
1951 1709 2049 1747 Juno
2088 1714 2124 1747 et
2162 1707 2328 1747 Minerva

165 1772 343 1812 columbis
371 1770 430 1819 (11.
458 1770 501 1813 V,
530 1768 631 1816 778).
672 1768 798 1815 Apollo
827 1770 983 1816 accipitri
1012 1769 1069 1817 (Il.
1089 1769 1175 1811 XV,
1203 1769 1292 1815 236)
1321 1769 1376 1805 vel
1403 1771 1511 1806 rebus
1538 1771 1760 1814 coelestibus,
1797 1776 1839 1807 ut
1864 1771 2030 1807 Minerva
2056 1771 2190 1815 stellae,
2218 1782 2329 1818 quam

164 1836 341 1877 cometam
370 1829 498 1869 Graeci
526 1832 663 1872 vocant,
694 1827 752 1876 (ΙΙ,
779 1827 841 1872 IV,
872 1827 946 1877 75),
975 1828 1076 1866 Mars
1103 1829 1320 1877 caliginosae
1347 1829 1435 1867 nubi
1462 1829 1520 1878 (Il.
1537 1829 1579 1875 V,
1608 1829 1696 1877 864)
1726 1829 1879 1867 nebulae
1905 1829 2036 1868 densae
2063 1829 2187 1868 Thetis
2213 1829 2272 1877 (Il.
2301 1829 2331 1874 1,

168 1896 259 1942 359)
285 1892 382 1930 nocti
408 1889 536 1937 Apollo
564 1888 620 1937 (Il.
650 1888 677 1932 1,
705 1888 783 1936 47).
813 1889 876 1925 Sin
905 1900 986 1925 vero
1014 1890 1051 1926 in
1079 1890 1182 1926 terris
1210 1893 1408 1933 versantur,
1446 1891 1563 1937 specie
1597 1891 1719 1927 divina
1744 1891 1905 1938 deposita
1943 1891 1989 1927 ab
2015 1892 2066 1928 eis
2104 1891 2330 1928 incredibiles

166 1966 224 1993 res
250 1954 439 2003 geruntur,
469 1949 586 1987 multa
612 1952 740 1997 argute
766 1952 802 1986 et
827 1949 1008 1997 sapienter
1035 1949 1215 1986 dicuntur.

321 2011 461 2059 Quibus
488 2021 531 2047 ex
558 2010 667 2046 rebus
686 2008 805 2057 colligi
833 2014 958 2057 potest,
987 2013 1022 2045 et
1048 2009 1255 2046 collationes
1285 2010 1514 2065 (παραβολή)
1555 2014 1589 2046 et
1628 2010 1760 2047 similia
1798 2011 1956 2048 diversas
1995 2011 2034 2047 in
2072 2015 2191 2058 partes
2230 2012 2330 2048 varia

166 2075 307 2113 ratione
333 2071 513 2110 distribui.
566 2071 647 2107 Jam
688 2073 796 2107 antea
823 2082 842 2105 a
883 2070 986 2106 nobis
1027 2069 1163 2106 dictum
1204 2074 1268 2112 est,
1310 2081 1503 2106 numerum
1544 2071 1853 2117 comparationum
1894 2071 1932 2107 in
1958 2070 2069 2108 Iliade
2108 2073 2144 2108 et
2168 2070 2330 2119 Odyssea

168 2134 368 2185 positarum
394 2130 679 2169 diversissimum
706 2140 803 2173 esse;
832 2128 900 2166 hoc
927 2129 1002 2166 loco
1030 2133 1150 2166 autem
1179 2130 1463 2177 comparationes
1491 2130 1596 2167 etiam
1626 2130 1664 2167 in
1682 2130 1836 2179 singulis
1855 2131 2075 2168 carminibus
2094 2141 2328 2179 nequaquam

166 2205 320 2234 numero
346 2203 450 2241 pares
477 2201 556 2228 esse
582 2189 920 2234 demonstrabimus,
949 2201 1030 2226 cum
1063 2201 1139 2227 non
1175 2190 1298 2227 inania
1338 2190 1412 2227 sint
1451 2194 1675 2235 ornamenta,
1715 2191 1777 2228 sed
1817 2202 1874 2228 res
1900 2194 2077 2229 ,narratas
2112 2202 2184 2240 quo
2224 2192 2329 2229 modo

166 2254 367 2306 procedunt
396 2255 432 2290 et
457 2252 738 2295 commutantur,
767 2261 907 2298 semper
934 2254 1209 2298 prosequantur.
1238 2250 1436 2288 Nonnullis
1464 2250 1563 2288 libris
1599 2252 1802 2289 carminum
1830 2252 2102 2289 Homericorum
2128 2252 2329 2301 permultae

166 2317 399 2356 continentur
431 2317 473 2351 ut
498 2313 540 2351 Il.
569 2312 660 2350 libro
688 2312 733 2357 II,
761 2312 823 2357 XI,
851 2312 950 2355 XIII,
978 2312 1063 2349 XIV
1090 2311 1203 2356 XVII,
1235 2311 1313 2349 aliis
1341 2311 1579 2359 paucissimae
1607 2315 1648 2349 ut
1673 2311 1714 2349 Il.
1742 2311 1833 2350 libro
1860 2311 1921 2357 VI,
1949 2312 2013 2350 Od.
2039 2312 2118 2355 VII,
2143 2312 2239 2358 VIII,
2266 2312 2329 2359 IX,

165 2377 265 2422 XIII,
305 2376 402 2420 XIV,
441 2374 536 2419 XVI,
565 2373 680 2416 XVII,
711 2373 809 2413 XXI,
837 2373 970 2416 XXIII,
1000 2373 1130 2417 XXIV,
1161 2373 1241 2410 aliis
1268 2372 1391 2409 nullae
1417 2377 1458 2409 ut
1484 2372 1525 2409 Il.
1554 2372 1645 2409 libro
1683 2372 1710 2415 I,
1739 2372 1801 2409 Od.
1840 2372 1867 2416 Ι,
1907 2372 1952 2417 11,
1993 2373 2056 2416 III,
2092 2373 2169 2418 XV,
2196 2374 2328 2413 XVIII.

164 2437 269 2485 Quod
308 2440 431 2473 autem
470 2434 507 2471 in
548 2434 663 2471 initiis
703 2437 738 2471 et
773 2433 954 2481 Odysseae
986 2437 1021 2470 et
1054 2434 1176 2471 Iliadis
1208 2432 1517 2481 comparationum
1557 2435 1770 2469 ornamenta
1809 2432 1910 2469 nullo
1948 2433 2052 2470 modo
2083 2435 2328 2480 inveniuntur,

164 2497 398 2537 demonstrat.
426 2498 549 2544 poetas
575 2495 706 2543 opibus
733 2494 810 2531 suis
837 2493 941 2541 quasi
968 2494 1168 2541 pepercisse
1208 2503 1342 2540 easque
1370 2492 1415 2528 ad
1441 2492 1675 2540 gravissimas
1701 2502 1758 2528 res
1784 2496 1971 2540 tamquam
1998 2493 2180 2532 direxisse.
2232 2495 2330 2532 Nam

164 2557 196 2594 si
222 2567 281 2593 res
307 2566 400 2603 quae
426 2558 631 2598 narrantur,
661 2558 697 2591 at
723 2554 904 2601 quendam
931 2555 1128 2602 gravitatis,
1156 2558 1195 2591 ut
1222 2555 1272 2590 ita
1298 2553 1425 2596 dicam,
1467 2552 1618 2600 gradum
1647 2557 1896 2599 pervenerunt,
1923 2564 2067 2590 cursum
2094 2555 2195 2601 quasi
2222 2559 2329 2603 poeta

162 2616 336 2666 reprimit,
364 2625 529 2664 quaeque
555 2614 732 2658 accidunt,
760 2613 921 2663 imagine
940 2614 1093 2662 quadam
1114 2614 1269 2652 dilucida
1295 2616 1330 2651 et
1348 2612 1476 2650 illustri
1496 2622 1673 2660 exponere
1690 2611 1817 2656 studet,
1838 2623 1910 2660 qua
1937 2616 1998 2650 aut
2023 2617 2169 2652 narrata
2194 2625 2329 2653 memo-

162 2678 239 2716 riae
265 2681 411 2716 nostrae
436 2676 614 2724 infingere
641 2675 727 2720 vult,
756 2679 817 2713 aut
843 2675 872 2712 si
901 2687 1063 2713 summae
1090 2687 1147 2713 res
1174 2678 1298 2724 postea
1326 2677 1530 2717 narrantur,
1559 2673 1699 2710 animos
1726 2676 1868 2711 nostros
1896 2673 1940 2710 ad
1967 2685 2027 2712 eas
2053 2686 2278 2724 componere.

315 2738 392 2785 Quo
418 2737 601 2785 graviores
627 2747 688 2773 res
715 2740 941 2779 enarrantur,
987 2748 1026 2773 eo
1071 2737 1255 2774 ardentius
1282 2739 1387 2783 poeta
1414 2735 1450 2771 id
1477 2734 1604 2775 studet,
1650 2738 1691 2770 ut
1733 2733 1929 2781 imaginem
1968 2746 2071 2773 suam
2098 2737 2270 2786 expingat
2295 2742 2331 2776 et

165 2802 324 2844 exornet,
365 2809 407 2836 eo
439 2798 560 2836 minus
593 2799 770 2836 rationem
803 2799 1112 2846 comparationum
1152 2798 1351 2836 accuratius
1383 2796 1712 2845 pei-sequendarum
1739 2795 1860 2834 habet.
1913 2796 2003 2834 Cum
2043 2796 2134 2834 ratio
2173 2797 2250 2846 ejus
2276 2798 2334 2842 sit,

161 2859 257 2897 facta
283 2859 386 2903 factis
413 2870 632 2908 comparare,
660 2860 691 2896 ei
719 2859 879 2906 imagine
905 2859 1007 2896 initio
1035 2859 1200 2897 instituta
1228 2859 1395 2896 aberrare
1421 2858 1514 2896 licet.
1567 2858 1643 2905 Quo
1671 2858 1721 2901 fit,
1760 2862 1798 2895 ut
1837 2869 1912 2895 non
1952 2868 2059 2895 unam
2099 2858 2215 2896 solum
2242 2858 2333 2897 ima-

163 2920 287 2969 ginem
314 2920 419 2958 nobis
446 2920 625 2968 praebeat,
654 2920 716 2957 sed
744 2920 863 2967 plures
890 2919 1098 2967 saepissime
1124 2919 1279 2967 colligat,
1309 2919 1439 2966 quibus
1466 2918 1625 2956 diversas
1652 2920 1772 2965 partes
1797 2928 1915 2954 rerum
1940 2921 2124 2965 gestarum
2140 2918 2334 2967 explanare

2462 3030 2494 3062 ἂ
