2535 3077
128 155 373 231 (εἷς.Δώ
400 181 466 226 lx,
489 151 565 220 435
590 180 687 229 etc).
724 181 839 228 ,Quae
864 181 988 218 omnia
1013 182 1134 218 autem
1159 180 1190 217 si
1216 183 1428 228 spectamus,
1456 178 1637 227 Vergilius
1662 189 1737 216 non
1763 179 1868 216 modo
1893 182 2038 226 propter
2062 178 2167 215 liberi
2191 177 2332 216 arbitrii

0 250 7 264 t
112 244 114 246 ’
172 241 332 292 inopiam
369 241 435 281 sed
458 241 585 286 ,etiam
622 243 769 290 propter
808 240 998 279 verborum
1032 239 1271 278 'elocutionem
1296 239 1536 278 venustiorem
1561 237 1763 287 neglectam
1787 237 2057 287 posthabendas
2082 241 2138 277 est
2163 237 2330 281 Homero.

151 301 211 346 „iu
236 302 334 352 quod
358 301 467 340 etiam
492 301 524 339 si
549 300 784 349 proprietates
810 300 886 348 ejus
912 300 1035 337 leviter
1061 300 1166 337 modo
1193 300 1355 347 attigeris
1380 299 1486 336 facile
1510 299 1622 336 videri
1647 302 1773 346 potest.

322 361 454 399 Omnia
479 370 572 407 quae
597 359 925 407 comparationibus
952 359 1098 396 Homeri
1126 360 1386 408 investigandis
1412 360 1626 403 invenimus,
1654 370 1752 396 nunc
1777 359 1922 406 quidem
1948 359 2070 407 paucis
2097 358 2330 406 colligamus:

324 421 357 458 1.
409 419 510 467 Quod
547 418 873 468 comparationibus
910 418 1058 456 Homeri
1098 430 1173 457 non
1199 430 1311 468 parva
1336 419 1451 457 solum
1477 422 1514 456 et
1537 418 1679 467 exigua,
1706 418 1768 456 sed
1794 428 1929 467 magna
1953 418 2064 456 etiam
2088 421 2125 455 et
2151 416 2330 455 mirabilia

174 479 547 529 comprehenduntur,
587 479 623 515 id
649 479 745 527 quod
770 479 967 515 Homerum
995 479 1155 527 igenium
1181 479 1350 516 habuisse
1377 480 1422 515 ad
1448 479 1654 515 universum
1679 481 1844 525 spectans
1871 479 2110 522 demonstrat,
2150 473 2330 514 Homerus

174 542 361 578 assecutns
389 542 452 584 est,
477 539 572 587 quod
594 539 879 588 comparationes
897 538 966 576 sibi
984 538 1117 583 volunt,
1145 539 1168 577 i.
1189 550 1218 576 e.
1239 539 1332 577 notis
1350 542 1386 576 et
1403 538 1596 587 perspectis
1613 538 1721 575 rebus
1738 537 1913 586 explicare
1931 541 1967 575 et
1983 548 2161 587 exponere
2178 538 2333 586 ignotas.

326 600 363 638 2.
414 599 514 647 Quod
550 599 727 636 Homerus
763 600 1089 647 comparationibus
1125 610 1181 636 res
1219 604 1299 647 apte
1325 599 1513 647 explicavit
1539 599 1704 646 factaque
1729 598 1835 634 modo
1861 598 1964 635 factis
1990 598 2149 642 contulit,
2176 597 2332 634 calorem

173 659 354 708 quendam
382 658 620 696 ardentiorem
648 659 834 707 magisque
863 659 1043 707 vigentem
1069 659 1113 696 iis
1138 660 1313 707 praebuit,
1341 659 1435 707 quod
1462 669 1522 695 eas
1549 669 1690 706 semper
1715 658 1848 705 optime
1873 658 1990 706 elegit,
2031 658 2331 706 perspicuitatem,

173 719 270 766 quod
308 718 423 756 fusius
464 729 524 756 eas
578 719 755 765 latiusque
802 719 1020 766 composuit,
1061 718 1276 756 hilaritatem
1312 719 1493 766 quandam
1534 723 1568 755 et
1606 718 1836 762 suavitatem,
1882 729 1971 765 quas
2013 729 2139 755 omnes
2184 718 2334 755 virtutes

169 777 432 817 illustrissimae
458 777 638 827 Vergilius
665 778 865 827 adaequare
893 789 967 816 non
994 778 1118 827 potuit.

908 868 979 911 Be
1027 868 1593 924 descriptionibus.

323 949 588 997 Descriptiones
629 959 711 985 cum
750 949 788 985 in
816 949 974 985 carmine
999 948 1141 984 heroico
1167 948 1311 985 tertium
1337 948 1424 984 illud
1450 951 1545 992 sunt,
1573 949 1668 995 quod
1694 959 1768 984 non
1794 948 1910 984 solum
1937 948 1981 983 ad
2008 949 2239 985 excolendum
2265 949 2330 986 sed

171 1010 279 1046 etiam
322 1009 366 1046 ad
394 1009 639 1046 exornandum
666 1012 778 1046 totum
805 1019 949 1045 carmen
978 1009 1151 1056 pertinet,
1186 1009 1319 1056 optimo
1341 1008 1422 1056 juro
1450 1009 1567 1056 magis
1594 1019 1700 1056 quam
1729 1007 2012 1056 comparationes
2040 1012 2075 1046 et
2100 1008 2258 1057 epitheta
2284 1009 2331 1047 ad

173 1068 365 1113 utilitatem
390 1071 548 1118 spectare
575 1068 642 1105 dici
670 1070 796 1117 potest,
825 1067 920 1116 quod
948 1068 1194 1104 vestimevtum
1221 1068 1336 1112 modo,
1365 1078 1435 1115 quo
1462 1068 1564 1115 quasi
1592 1068 1743 1104 amictae
1768 1070 1861 1111 sunt,
1889 1067 1941 1104 eis
1967 1068 2120 1115 speciem
2146 1069 2330 1117 quandam

172 1129 375 1165 ornamenti
402 1130 559 1175 praebet.
604 1129 701 1165 Nam
729 1129 837 1164 etiam
855 1128 1014 1174 poeticae
1032 1128 1286 1175 descriptiones
1305 1132 1388 1165 ante
1406 1130 1529 1165 omnia
1546 1129 1709 1165 notitiam
1730 1128 1878 1166 alicuius
1896 1130 1947 1166 rei
1966 1141 2097 1177 augere
2114 1131 2260 1169 student
2279 1152 2325 1157 —

173 1187 209 1225 id
237 1187 334 1225 enim
361 1198 486 1225 omnes
512 1187 766 1236 descriptiones
794 1190 956 1235 spectant
985 1208 1027 1214 -—
1057 1187 1117 1224 sed
1145 1187 1181 1224 id
1207 1198 1280 1225 non
1307 1188 1400 1225 sicco
1425 1190 1462 1225 et
1487 1187 1606 1225 sobrio
1633 1188 1748 1232 mod0‚
1775 1188 1938 1237 sedipsae
1967 1188 2145 1238 voluptate
2171 1189 2234 1228 illa
2259 1200 2326 1228 nos

172 1247 314 1283 afficere
340 1247 472 1290 volunt,
500 1258 572 1293 qua
597 1258 654 1283 res
681 1248 878 1293 descriptae
906 1258 971 1283 nos
999 1247 1183 1290 afficiunt;
1225 1251 1263 1283 ut
1289 1248 1411 1294 paucis
1437 1248 1565 1291 dicam,
1600 1259 1683 1284 eum
1709 1249 1822 1284 animi
1855 1252 1992 1285 motum
2024 1249 2165 1286 efficere
2191 1250 2326 1293 volunt,

171 1318 278 1355 quem
303 1318 361 1344 res
388 1302 486 1355 ipsae
512 1310 792 1345 commoverunt.

324 1366 425 1412 Quod
451 1366 595 1413 quidem
621 1367 875 1414 descriptiones
904 1370 1152 1413 assequuntur,
1179 1378 1260 1402 cum
1286 1378 1343 1403 res
1370 1367 1577 1414 depingant,
1605 1368 1628 1403 i.
1649 1378 1682 1404 e.
1699 1371 1829 1410 autem,
1857 1379 1939 1404 cum
1957 1379 2030 1404 non
2048 1370 2204 1416 picturas
2223 1371 2327 1416 quasi

171 1430 396 1475 componant,
414 1426 476 1465 sed
494 1437 576 1464 cum
589 1426 712 1464 eadem
728 1426 988 1475 perspicuitate,
1009 1426 1131 1464 eadem
1146 1426 1180 1464 vi
1194 1429 1230 1464 et
1243 1426 1427 1475 gravitate,
1446 1427 1569 1464 eodem
1587 1426 1723 1472 ardore,
1735 1438 1803 1476 quo
1819 1438 1877 1465 ars
1891 1427 2040 1476 pictoria
2053 1439 2110 1466 res
2125 1428 2330 1468 ostendant.

172 1487 242 1524 Res
268 1487 377 1535 igitur
403 1498 477 1524 non
504 1488 608 1524 modo
635 1487 759 1524 leviter
785 1487 1017 1534 attingendae
1044 1487 1107 1524 sed
1133 1487 1239 1523 etiam
1266 1498 1376 1534 parva
1395 1487 1644 1531 examinanda,
1673 1488 1794 1524 omnia
1812 1488 1903 1524 bene
1922 1488 2184 1536 distinguenda,
2212 1500 2330 1537 neque

171 1546 286 1585 solum
306 1546 499 1585 similitudo
518 1546 580 1584 sed
599 1546 706 1584 etiam
725 1546 905 1595 elegantia
923 1549 958 1584 et
974 1549 1142 1584 venustas
1161 1547 1375 1595 spectandae
1393 1550 1488 1585 sunt.
1530 1547 1607 1584 Tali
1626 1548 1731 1584 modo
1750 1548 1889 1596 pictura
1906 1549 2081 1596 quaedam
2100 1553 2175 1587 arte
2193 1550 2333 1598 poetica

170 1608 366 1654 composita
399 1608 525 1650 oritur,
559 1618 651 1653 quae
685 1607 818 1653 optimo
848 1607 929 1653 jure
964 1607 1173 1653 praesertim
1207 1608 1244 1642 in
1277 1608 1438 1643 carmina
1475 1608 1618 1643 heroica
1643 1609 1812 1645 inseritur
1839 1612 1874 1644 et
1900 1610 1945 1644 ad
1971 1610 2094 1646 omnia
2120 1611 2333 1648 illustranda

170 1666 387 1716 permultum
413 1667 579 1715 pertinet.

326 1726 634 1773 Quemadmodum
660 1726 837 1763 Homerus
874 1729 1065 1774 praecepta
1096 1725 1156 1762 illa
1182 1730 1322 1764 secutus
1362 1727 1418 1772 sit,
1460 1728 1589 1775 quibus
1628 1728 1818 1776 descriptio
1856 1730 1994 1776 poetica
2033 1730 2127 1766 bona
2165 1731 2329 1775 efficitur,

174 1787 241 1823 hoc
263 1787 340 1834 jam
368 1787 412 1823 ab
439 1786 626 1833 Lessingio
654 1789 688 1822 et
713 1786 873 1822 Herdero
902 1786 1165 1823 accuratissime
1190 1786 1410 1834 disputatum
1438 1792 1500 1830 est,
1530 1800 1638 1835 quam
1665 1789 1710 1825 ob
1737 1800 1813 1825 rem
1832 1788 1919 1826 satis
1938 1789 2014 1833 erit,
2042 1789 2202 1827 hocloco
2221 1791 2331 1840 leges,

173 1857 265 1895 quae
292 1846 337 1884 ab
364 1846 415 1883 eis
442 1846 608 1883 inventae
634 1848 728 1891 sunt,
757 1845 911 1883 breviter
940 1845 1126 1894 explicare.

324 1908 548 1955 Quamquam
573 1907 611 1944 in
638 1907 947 1955 descriptionibus,
984 1910 1023 1944 ut
1049 1910 1173 1955 postea
1198 1907 1516 1945 demonstrandum
1543 1909 1619 1953 erit,
1653 1909 1853 1957 singularia
1880 1910 1987 1946 etiam
2015 1913 2049 1947 et
2075 1911 2205 1959 exigua
2232 1912 2331 1950 nullo

175 1967 279 2005 modo
306 1967 530 2017 neglegenda
556 1970 651 2012 sunt,
688 1970 809 2004 tamen
837 1967 920 2004 illae
947 1978 1146 2015 numquam
1173 1967 1315 2004 latiores
1342 1971 1377 2005 et
1403 1968 1554 2006 fusiores
1580 1969 1668 2014 fieri,
1696 1969 1922 2017 minoresque
1946 1981 2003 2007 res
2030 1971 2139 2009 nimis
2166 1977 2331 2011 accurate

173 2032 390 2078 pertractare
428 2029 576 2073 debent;
617 2029 678 2066 sed
719 2032 824 2076 poeta
868 2049 910 2055 —
953 2029 1047 2076 quod
1082 2029 1224 2076 quidem
1260 2028 1345 2065 facit
1382 2028 1557 2066 Homerus
1598 2051 1644 2056 —
1684 2029 1807 2077 paucis
1841 2030 2127 2079 significantibus
2165 2033 2333 2081 epithetis

174 2090 469 2139 gravioribusque
487 2090 593 2127 rebus
607 2088 826 2137 explicandis
842 2088 975 2126 efficiat
988 2100 1135 2127 necesse
1149 2092 1213 2134 est,
1233 2092 1272 2126 ut
1290 2089 1543 2137 descriptiones
1558 2101 1664 2137 quam
1683 2090 1839 2138 primum
1859 2090 2128 2130 similitudinem
2147 2094 2329 2141 quandam

174 2149 335 2186 habeant
359 2150 465 2185 rebus
492 2149 745 2185 describendis.
798 2149 894 2185 Nam
922 2149 951 2185 si
978 2152 1083 2196 poeta
1108 2159 1166 2185 res
1193 2152 1293 2185 tanta
1318 2150 1351 2185 vi
1379 2150 1576 2192 adumbrat,
1604 2153 1698 2186 certe
1724 2150 1855 2197 imago,
1886 2161 1966 2187 cum
1990 2162 2092 2188 mens
2110 2156 2147 2189 et
2164 2155 2333 2201 cogitatio

174 2209 245 2248 late
270 2209 394 2258 vagari
429 2208 646 2258 ingenioque
672 2208 831 2246 humano
859 2209 963 2257 quasi
990 2209 1180 2247 subvenire
1205 2209 1362 2258 possint,
1391 2208 1558 2247 facillime
1584 2209 1694 2247 oculis
1721 2221 1854 2256 eorum,
1882 2211 1941 2259 qui
1968 2210 2104 2261 legunt,
2132 2213 2333 2263 subjicitur.

177 2269 244 2307 Sin
269 2280 352 2306 vero
379 2269 633 2316 descriptiones
659 2269 752 2305 latae
778 2272 863 2306 sunt
890 2272 924 2305 et
951 2269 1138 2313 verbosae,
1167 2280 1268 2306 mens
1295 2273 1330 2306 et
1355 2270 1523 2317 cogitatio
1544 2270 1621 2317 jam
1647 2282 1722 2307 non
1748 2272 1912 2308 nituntur
1938 2273 2043 2309 certis
2070 2273 2330 2320 fundamentis,

176 2330 502 2377 descriptionesque
529 2328 664 2365 nullam
691 2331 821 2376 parant
847 2328 1076 2376 voluptatem.

329 2389 449 2426 Prima
475 2389 585 2438 igitur
610 2388 667 2426 lex
691 2392 820 2438 poetae
847 2389 1063 2426 describenti
1090 2392 1176 2434 esto,
1203 2392 1243 2426 ut
1268 2400 1343 2426 rem
1371 2389 1415 2426 ab
1441 2400 1483 2426 ea
1510 2390 1614 2427 modo
1641 2392 1742 2438 parte
1759 2390 1946 2436 describat,
1975 2392 2019 2428 ad
2038 2402 2145 2440 quam
2167 2395 2331 2433 animum

174 2451 358 2487 advertere
391 2450 581 2494 debemus,
616 2450 851 2497 proprietates
879 2449 1128 2497 significantes
1154 2450 1229 2497 ejus
1256 2450 1484 2494 demonstret,
1513 2451 1721 2488 memoriam
1748 2455 1908 2489 nostram
1935 2453 2072 2497 excitet,
2101 2465 2192 2500 quae
2217 2458 2330 2494 menti

174 2513 210 2547 et
248 2509 455 2558 cogitationi
494 2509 693 2547 subveniat.
707 2509 738 2559 ¹)
791 2509 950 2557 Quarum
990 2520 1110 2546 rerum
1149 2509 1312 2558 exempla
1349 2509 1507 2558 proferre
1534 2522 1622 2559 opus
1648 2522 1723 2548 non
1750 2514 1822 2555 est,
1860 2512 1954 2559 quod
1983 2523 2065 2549 cum
2092 2513 2136 2551 de
2163 2515 2332 2563 epithetis

173 2570 372 2607 Homericis
398 2569 668 2617 disputavimus,
696 2570 858 2617 pluribus
887 2570 1004 2606 verbis
1032 2569 1076 2606 de
1102 2580 1144 2606 ea
1170 2580 1209 2605 re
1234 2569 1400 2606 diximus.

342 2668 366 2707 ¹)
388 2669 530 2709 Lessing,
564 2669 709 2701 Laocoon
731 2670 823 2701 XIV:
858 2669 937 2709 „Ein
970 2668 1148 2709 poetisches
1180 2667 1330 2699 Gemalde
1361 2669 1405 2700 ist
1435 2670 1524 2700 nicht
1555 2669 1761 2710 nothwendig
1793 2670 1864 2707 das,
1899 2680 1962 2702 was
1997 2672 2029 2702 in
2062 2673 2112 2703 ein
2142 2674 2334 2706 materielles

175 2718 326 2750 Gemilde
359 2729 396 2750 zu
425 2719 623 2751 verwandeln
643 2721 704 2757 ist3
736 2720 871 2751 sondern
901 2720 989 2759 jeder
1020 2721 1102 2760 Zug,
1131 2719 1203 2759 jede
1226 2719 1431 2760 Verbindung
1452 2721 1574 2750 mehrer
1595 2722 1698 2760 Zfige,
1730 2720 1828 2751 durch
1849 2720 1899 2751 die
1921 2731 1979 2752 uns
2002 2722 2056 2752 der
2077 2723 2209 2754 Dichter
2229 2726 2335 2756 seinen

175 2770 378 2811 Gegenstand
399 2781 433 2803 so
457 2772 592 2803 sinnlich
613 2772 729 2809 macht,
754 2771 826 2803 dass
848 2772 904 2803 vvir
924 2782 984 2803 uns
1007 2771 1106 2803 dieses
1129 2770 1364 2811 Gegenstandes
1387 2771 1562 2803 deutlicher
1581 2771 1719 2803 bewusst
1742 2771 1873 2809 werden,
1902 2773 1950 2804 als
1972 2774 2072 2805 seiner
2095 2773 2213 2813 Worte,
2236 2775 2338 2813 heisst

175 2822 360 2860 malerisch,
393 2822 494 2855 heisst
527 2824 576 2854 ein
605 2822 773 2864 Gemalde,
805 2824 876 2855 weil
910 2834 943 2855 es
972 2834 1030 2855 uns
1053 2823 1123 2855 dem
1145 2822 1247 2854 Grade
1269 2823 1323 2854 der
1343 2824 1476 2855 Illusion
1498 2824 1596 2854 naher
1616 2823 1742 2864 bringt,
1777 2824 1887 2855 dessen
1909 2824 1966 2856 das
1987 2826 2161 2858 materians
2182 2826 2335 2860 Gemilde

175 2874 346 2906 besonders
367 2874 458 2915 ffihig
480 2875 533 2911 ist,
557 2874 612 2906 der
633 2875 701 2906 sich
721 2885 782 2907 von
805 2875 875 2906 dem
896 2876 1093 2907 materiellen
1115 2875 1265 2907 Gemiilde
1286 2885 1336 2907 am
1358 2877 1471 2907 Ersten
1493 2875 1557 2906 und
1579 2876 1779 2907 Leichtesten
1802 2875 2001 2908 abstrahiren
2024 2878 2136 2911 lasst‘a
