2535 3077
48 207 62 229 μ,
100 153 101 156 “
143 172 145 174 ·
177 166 327 218 legunt,
354 169 441 206 ante
464 165 587 206 oeulos
613 176 747 216 ponere
773 166 908 205 volunt.
955 166 1027 205 Sed
1052 166 1211 215 epitheta
1238 170 1411 217 perpetua
1433 151 1505 207 hee
1529 167 1702 215 efficiunt,
1726 180 1825 213 eum
1846 169 2036 214 omnim
2038 180 2181 221 muns

1338 0 1343 5 2
1358 0 1376 14 ‚¹
1420 3 1422 7 >
1439 2 1445 34 A·
1504 2 1508 15 ‚¹
1521 0 1526 4 '
1569 5 1575 15 ·.
1608 0 1616 18 ’1
1643 0 1679 26 ,Z'JJ'
1692 0 1713 31 17A
1725 0 1733 7 ‘
1748 2 1773 25 ’νὴ
1804 0 1826 23 ’,ἶ
1834 2 1913 34 4134..
2112 22 2117 27 ι

1559 46 1562 50 .
1705 31 1761 63 hm*
1836 30 1840 35 .
1861 27 1905 47 *d-
1916 28 1943 62 ¹:22
1986 30 2025 62 XL...
2035 32 2109 67 ,³3:321
2125 27 2131 38 t

190 227 429 271 summatim
442 228 550 266 modo
588 231 793 278 exponant;
830 226 990 277 epitheta
1014 228 1077 266 illa
1102 228 1281 277 exquisita
1307 228 1353 267 ad
1378 240 1438 268 res
1472 229 1570 279 ipsas
1610 230 1757 280 propius
1781 231 1885 280 quasi
1910 226 2109 306 accedunt
2122 250 2165 264 1==

180 298 319 332 ‚aarum
346 288 465 338 magis
492 291 668 338 sequntur
694 292 874 327 naturam.

344 368 516 418 Epitheta
541 373 723 418 perpetua
751 380 843 417 quae
869 369 944 405 tere
970 369 1093 405 omnia
1133 381 1154 405 a
1179 369 1357 416 prioribus
1401 370 1516 417 poetis
1542 371 1674 408 tradita
1700 375 1794 413 sunt,
1834 383 1942 420 saepe
1980 376 2054 411 tam
2095 373 2217 423 ampla
2256 340 2364 412 mini-
2437 348 2487 426 fg

190 434 321 478 meque
347 428 497 467 definita
522 440 602 467 esse
627 429 804 474 videntur,
831 432 872 467 ut
896 429 993 474 viris,
1021 429 1082 477 qui
1109 429 1254 467 criticae
1280 440 1426 478 operam
1453 429 1553 476 dant,
1595 430 1745 469 minime
1770 432 1970 481 probentur
2007 442 2363 483 supervacaneaeque
2438 442 2440 444 ’
2465 433 2470 453 ’·

192 490 376 539 putentur.
381 487 412 536 ¹)
464 487 633 537 Ineptum
661 489 707 525 ab
746 489 797 525 eis
823 488 988 530 habetur.
1018 489 1216 525 Homerum
1242 490 1297 525 lac
1339 492 1404 532 ἡδύ
1444 490 1501 526 vel
1527 492 1671 536 λευκόν
1707 493 1828 529 nivem
1855 495 1983 547 ψυχρή,
2021 494 2145 540 ignem
2170 495 2361 546 ιωόμηοο

192 550 269 589 dvo
302 547 503 607 φλεγεᾶον,
532 549 670 587 caelum
697 551 999 605 22592'15‚m0ntem
1028 550 1187 603 υψηλὸν,
1219 561 1317 588 mare
1357 550 1469 594 «olm
1526 551 1601 589 sive
1637 550 1790 608 ἀπείρων
1835 563 1966 602 aquam
2012 551 2118 611 ὐγρον
2161 553 2360 592 nominare.
2425 590 2427 596 ,
2483 539 2511 584 ’ἶ

190 609 270 649 Nos
295 612 417 648 sutem
444 620 527 648 cum
553 609 642 647 haec
669 610 826 660 epitheta
852 611 896 647 ad
924 611 1130 648 universam
1157 622 1277 648 rerum
1304 615 1470 649 naturam
1509 612 1710 661 spectantia
1739 623 1783 649 ex
1809 614 1889 662 ipsa
1913 624 2033 652 rerum
2059 614 2362 663 contemplatione

192 670 397 720 profluxissi
425 673 591 719 putemus
617 682 730 718 eaque
756 682 798 707 ex
825 672 941 719 prima
968 673 1073 719 quasi
1113 672 1234 720 populi
1262 673 1380 720 graeci
1408 673 1564 710 infantia
1602 673 1780 721 originem
1806 675 1957 713 traxisse
1976 675 2148 720 sciamus,
2176 687 2217 714 eo
2244 675 2361 727 magis

193 742 238 770 ea
264 729 535 776 admirabimur,
563 741 634 779 quo
662 730 834 780 majorem
851 731 998 769 Homeri
1026 732 1246 770 carminibus
1273 732 1469 775 veritatem,
1497 736 1538 769 ut
1563 732 1614 770 ita
1639 733 1767 778 dicam,
1794 734 2131 783 simplicitatemque
2152 735 2359 784 praebeant.
2402 725 2405 731 ’
2448 729 2457 738 '
2493 707 2504 735 ³

192 793 252 830 An
278 791 480 828 Homerum
507 791 643 839 aliquid
670 792 821 839 quaesiti
849 804 933 839 prae
960 804 998 829 se
1025 792 1118 829 ferre
1146 793 1234 829 velle
1254 797 1408 840 putares,
1436 793 1466 830 si
1494 793 1569 830 voci
1597 792 1649 830 illi
1675 796 1777 846 γάλα
1805 794 1864 843 (ΙΙ.
1898 794 1959 840 VI,
1996 795 2087 844 434)
2113 797 2255 845 λευκόν,
2285 796 2362 835 voci

192 852 246 891 illi
265 853 428 901 θάνατος
458 851 521 902 (H.
548 852 614 896 ΙΙΙ,
643 852 735 895 309;
763 853 825 898 ΙΧ,
853 854 945 901 411)
979 853 1089 901 τέλος
1127 854 1316 901 apposuit?
1357 853 1495 902 (confer
1536 854 1628 901 apud
1657 854 1855 902 Vergilium
1895 855 1982 891 illud
2026 859 2205 899 „extrema
2240 860 2358 893 mors“

194 915 285 952 Aen.
311 913 358 958 Π,
386 914 489 961 447).
543 914 652 950 Poeta
677 913 775 950 enim
802 924 859 951 res
886 914 997 962 ipsas,
1035 914 1159 962 quales
1185 914 1269 957 sint,
1297 913 1485 961 perspicit;
1521 924 1684 961 quaeque
1710 914 1756 950 ab
1781 925 1823 951 eo
1849 915 1995 963 cognita
2011 919 2106 960 sunt,
2134 916 2231 954 nuda
2256 917 2363 954 nobis

193 979 232 1013 et
256 974 436 1023 simplicia
461 974 638 1022 proponit.
692 974 762 1011 Sed
789 974 821 1011 si
847 985 966 1011 rerum
995 978 1160 1012 naturam
1190 974 1389 1011 accuratius
1416 974 1616 1012 describere
1641 973 1727 1018 vult,
1756 974 1836 1021 quis
1864 985 1946 1012 eum
1973 986 2145 1023 umquam
2163 976 2365 1025 adaequare
2425 1022 2427 1024 q
2483 984 2496 1018 ,ἰ

195 1035 334 1085 potuit?
385 1035 463 1072 Hoc
489 1039 585 1072 certe
610 1039 752 1071 constat
778 1039 814 1071 et
840 1048 861 1071 a
887 1036 992 1072 nobis
1017 1037 1093 1082 jam
1121 1038 1227 1071 antea
1254 1035 1388 1070 dictum
1429 1038 1494 1076 est,
1522 1034 1718 1070 Homerum
1758 1034 1916 1080 epitheta
1954 1039 2125 1082 perpetua
2163 1047 2362 1084 numquam

193 1095 378 1139 adhibere,
407 1094 438 1133 si
464 1106 523 1133 res
548 1094 757 1144 diligentius
785 1094 1024 1144 explicaturus
1051 1098 1114 1140 est,
1157 1106 1238 1133 cum
1277 1093 1315 1131 in
1354 1091 1616 1142 investigandis
1655 1091 1905 1141 pulcherrimis
1943 1092 2109 1142 epithetis
2148 1094 2280 1143 ubique
2321 1104 2361 1133 se

196 1156 365 1204 praebeat
407 1154 753 1202 ingeniosissimum.
808 1156 895 1201 Quis
935 1167 1008 1191 non
1047 1157 1242 1192 admiretur
1277 1155 1364 1190 illud
1405 1155 1486 1208 ὄρος
1520 1156 1775 1208 εἰνοσίφυλλον
1804 1153 1862 1200 (ΙΙ.
1890 1154 1936 1197 ΙΙ,
1973 1154 2065 1198 632;
2106 1154 2170 1192 Od.
2198 1154 2260 1199 IX,
2298 1155 2365 1203 22)

150 1223 153 1227 ·
194 1215 337 1263 aliaque
363 1213 459 1271 talia,
488 1214 618 1262 quibus
645 1214 903 1262 peritissimum
931 1225 969 1253 se
996 1215 1172 1263 praestitit
1199 1213 1404 1252 artificem?

347 1295 425 1343 Quo
451 1294 586 1332 factum
614 1301 677 1340 est,
706 1298 745 1332 ut
771 1299 865 1332 recte
892 1295 1074 1344 elegendis
1115 1298 1266 1344 apteque
1295 1293 1506 1330 adhibendis
1552 1293 1718 1341 epithetis
1757 1294 1889 1341 ubique
1927 1294 2174 1331 admirabilem
2214 1307 2360 1332 suorum

193 1357 398 1394 carminum
425 1355 642 1403 elegantiam
684 1360 718 1392 et
757 1356 1010 1393 amoenitatem
1039 1359 1299 1403 assequeretur,
1339 1354 1384 1391 ad
1424 1365 1577 1401 quarum
1617 1354 1887 1392 similitudinem
1926 1365 1972 1393 ne
1998 1354 2177 1404 Vergilius
2205 1355 2359 1404 quidem,

196 1417 345 1456 Homeri
372 1416 535 1455 aemulus
562 1415 833 1461 illustrissimus,
864 1427 1035 1464 umquam
1063 1414 1234 1464 pervenit,
1282 1414 1317 1450 id
1345 1413 1438 1461 quod
1465 1413 1648 1451 intellectu
1687 1425 1761 1452 non
1801 1419 1856 1452 est
1889 1415 2043 1452 difficile.
2095 1415 2223 1463 Neque
2261 1417 2360 1453 enim

194 1478 376 1526 Vergilius
403 1477 512 1514 totius
538 1488 625 1514 suae
642 1478 821 1514 Aeneidos
849 1477 1086 1514 tundamenta
1121 1476 1239 1523 posuit
1266 1476 1304 1511 in
1328 1474 1456 1523 populo
1484 1474 1561 1522 ipso
1575 1474 1749 1520 Romano,
1776 1478 1812 1513 et
1837 1487 1917 1513 cum
1937 1476 2023 1514 artis
2050 1475 2159 1514 solius
2185 1476 2362 1515 rationem

195 1540 355 1585 haberet,
384 1539 594 1588 saepissime
620 1539 771 1577 nimiam
798 1538 963 1577 adhibuit
990 1542 1103 1576 artem
1131 1549 1171 1575 ac
1198 1536 1434 1586 diligentiam,
1476 1539 1516 1573 ut
1542 1536 1617 1573 loco
1645 1535 1844 1584 elegantiae
1870 1536 2094 1573 inveniamus
2133 1537 2171 1573 in
2198 1536 2364 1585 epithetis

196 1611 312 1650 genus
339 1600 480 1637 dicendi
507 1600 607 1637 omni
634 1600 805 1636 varietate
831 1611 968 1636 carens.
1023 1600 1119 1635 Nam
1146 1599 1177 1634 si
1203 1599 1346 1634 Aeneas
1373 1608 1513 1643 semper
1549 1597 1639 1643 pius,
1668 1596 1877 1643 Tiberisque
1903 1596 2036 1634 flumen
2064 1608 2205 1645 semper
2230 1597 2362 1635 flavum

200 1662 446 1705 nominantur,
488 1664 523 1698 et
562 1661 593 1698 si
633 1659 792 1708 epitheta
831 1659 928 1708 illa2)
973 1659 1144 1707 „ingens“
1189 1657 1322 1695 centies
1363 1656 1605 1705 quinguagies
1642 1655 1695 1693 bis
1735 1658 1770 1693 et
1791 1655 2013 1701 ’,ιιιιιιιειιιίειι
2056 1657 2271 1706 quadragies
2310 1661 2364 1695 ter

194 1722 311 1772 posita
337 1724 433 1766 sunt,
461 1720 560 1759 haud
586 1721 658 1758 scio
687 1732 734 1758 an
761 1732 804 1758 ea
843 1721 937 1769 quod
965 1720 1089 1756 volunt
1115 1730 1189 1757 non
1216 1723 1468 1767 assequantur.
1521 1719 1569 1756 Et
1595 1719 1626 1756 si
1654 1719 1809 1755 Homero
1835 1719 2033 1766 Vergilium
2066 1731 2272 1768 comparare
2299 1722 2362 1762 vis,

196 1783 399 1830 Vergilium
426 1782 465 1818 in
492 1780 658 1829 epithetis
686 1782 833 1818 omnino
861 1781 1071 1818 deteriorem
1112 1791 1189 1818 esse
1216 1781 1310 1817 dices
1339 1780 1504 1824 Homero,
1543 1791 1624 1817 cum
1651 1791 1768 1828 neque
1806 1778 1894 1816 illud
1920 1779 2106 1829 ingenium
2146 1781 2278 1820 habeat
2317 1784 2363 1821 ad

196 1842 476 1891 excogitandum
504 1844 647 1879 acutum
688 1852 805 1889 neque
832 1840 993 1878 animum
1033 1839 1135 1876 illum
1175 1839 1365 1877 sollertem.
1419 1839 1544 1887 Itaque
1588 1839 1774 1888 permultis
1812 1839 1898 1877 locis
1941 1840 2117 1888 interpres
2162 1842 2265 1879 modo
2308 1848 2362 1881 est

198 1903 471 1941 Homericorum
499 1902 750 1951 epithetorum‚
778 1902 814 1938 id
841 1902 935 1949 quod
963 1901 1019 1938 his
1047 1901 1121 1937 fere
1147 1899 1317 1947 exemplis
1345 1898 1667 1947 demonstratur³):

352 2013 395 2049 A.
447 2012 645 2048 Hominum
675 2024 696 2047 a
722 2012 869 2048 deorum
896 2010 1053 2058 epitheta
1081 2012 1125 2047 ab
1152 2011 1309 2047 Homero
1338 2010 1453 2047 ducta.

202 2106 319 2150 „Hinc
344 2101 614 2153 populum'late
641 2107 784 2151 regem⁴⁶
816 2104 906 2140 Aen.
936 2103 963 2147 1,
992 2103 1052 2141 21.
1080 2102 1143 2140 cfr.
1171 2103 1212 2140 Il.
1241 2103 1268 2143 I.
1300 2102 1380 2140 102.
1412 2101 1484 2140 355
1511 2104 1547 2139 et
1572 2100 1657 2139 alibi
1685 2100 1891 2158 εὐρυχρείων
1922 2101 1950 2143 Α
1959 2104 2163 2158 γαμὲμνων,

204 2166 292 2213 „dea
318 2168 445 2205 saeva“
476 2164 571 2203 Circi
597 2164 690 2202 Aen.
719 2162 799 2208 VII,
830 2163 887 2200 19.
915 2162 980 2199 Od.
1009 2163 1052 2206 X,
1084 2162 1165 2199 136.
1195 2165 1291 2206 δεινή
1322 2163 1421 2209 θεὸς.

201 2227 319 2271 ,ιωιο
343 2226 456 2263 eolis‘⁴
487 2225 589 2263 circe
620 2226 708 2261 Aen.
737 2224 833 2265 v111,
863 2223 947 2261 393.
975 2224 1016 2260 ιι.
1046 2223 1141 2267 xlv,
1171 2225 1255 2262 329.
1285 2224 1580 2280 δολοφρονέουσα

203 2286 317 2333 „dolis
343 2286 560 2325 instructus“
595 2283 731 2322 Ulisses
760 2284 848 2320 Aen.
878 2283 924 2328 II,
964 2283 1046 2321 152.
1076 2283 1117 2320 Il.
1145 2283 1206 2328 IV,
1236 2284 1318 2321 339.
1347 2292 1483 2325 κακοῖσι
1514 2286 1654 2322 δολοῖσι
1682 2283 1907 2335 κεκασμένος.

203 2347 326 2391 „tandi
352 2346 476 2383 fictor“
507 2346 645 2382 Ulisses
674 2348 763 2381 Aen.
793 2344 968 2388 1X‚‚602.
997 2344 1038 2380 Il.
1066 2344 1182 2389 XXII,
1212 2346 1296 2382 281.
1326 2347 1516 2390 ἐπίκλοπος
1547 2342 1685 2397 μύθων.

204 2406 274 2452 „Os
292 2406 556 2454 humerumque
575 2406 641 2443 deo
660 2403 809 2443 similis“
832 2405 983 2442 Aeneas.
1014 2405 1104 2443 Aen.
1124 2404 1151 2449 Ι,
1170 2406 1256 2443 589.
1277 2405 1342 2443 Od.
1362 2403 1422 2448 VI,
1443 2403 1627 2441 229—35.
1647 2401 1711 2439 Od.
1732 2401 1759 2446 Ι,
1779 2401 1865 2438 371.
1886 2407 1984 2449 θεοῖς
2009 2400 2207 2456 ἐναλίγκιος
2231 2400 2354 2444 αὐδήν,

335 2504 397 2566 ΠΒ.
450 2527 652 2565 Bestiarum
680 2530 715 2564 et
740 2538 860 2564 rerum
888 2526 1045 2575 epitheta
1073 2527 1117 2563 ab
1145 2527 1300 2564 Homero
1328 2525 1457 2563 ducta:

201 2619 390 2668 „Perpetui
416 2623 517 2668 tergo
544 2618 665 2657 bovis“
696 2617 788 2655 Aen.
816 2616 913 2661 VIII,
945 2617 1026 2655 183.
1055 2616 1095 2655 Il.
1125 2616 1202 2661 VH,
1230 2615 1315 2655 321.
1344 2614 1410 2653 Od.
1438 2614 1532 2658 XIV,
1561 2614 1646 2651 437.
1678 2612 1841 2654 νώτοισιν
1871 2612 2096 2658 διηνεκέεσσι.

201 2680 373 2725 „flumine
398 2679 570 2729 pulchro“
600 2679 692 2716 Aen.
720 2677 800 2721 VII,
828 2678 912 2714 430.
942 2677 982 2714 Il.
1012 2678 1056 2720 ΙΙ,
1087 2678 1169 2715 752.
1199 2677 1238 2713 Il.
1269 2677 1349 2719 XII,
1377 2678 1437 2714 33.
1465 2679 1684 2729 καλλίῤῥοον
1715 2673 1824 2727 ὕδωρ.

369 2799 546 2837 ¹)Jordan.
571 2798 701 2838 Odysae,
725 2799 757 2829 S.
780 2798 850 2828 XX.

365 2849 392 2891 ')
413 2849 600 2890 Hertzbeq,
623 2849 747 2888 Aeneis,
771 2848 937 2889 Stuttgart
962 2848 1051 2882 1859
1076 2847 1106 2878 S
1131 2847 1185 2878 IX.

366 2903 394 2941 ⁸)
416 2903 481 2935 Cfr.
503 2903 538 2934 P.
560 2903 702 2941 Richter,
725 2902 762 2933 de
780 2901 926 2942 Vergilio
948 2900 1111 2934 imitatore
1132 2901 1295 2941 poetarum
1317 2908 1508 2940 graecorum
1532 2898 1606 2932 diss
1630 2898 1768 2931 Rostoch
1794 2898 1884 2929 1870.
