<?xml version="1.0" encoding="UTF-8"?>
<!DOCTYPE html PUBLIC "-//W3C//DTD XHTML 1.0 Transitional//EN"
    "http://www.w3.org/TR/xhtml1/DTD/xhtml1-transitional.dtd">
<html xmlns="http://www.w3.org/1999/xhtml" xml:lang="en" lang="en">
 <head>
  <title>
</title>
<meta http-equiv="Content-Type" content="text/html;charset=utf-8" />
  <meta name='ocr-system' content='tesseract 3.04.00' />
  <meta name='ocr-capabilities' content='ocr_page ocr_carea ocr_par ocr_line ocrx_word'/>
</head>
<body>
  <div class='ocr_page' id='page_1' title='image "./4774681_0011.png"; bbox 0 0 2535 3077; ppageno 0'>
   <div class='ocr_carea' id='block_1_1' title="bbox 0 0 2535 654">
    <p class='ocr_par' dir='ltr' id='par_1_1' title="bbox 0 0 2535 654">
     <span class='ocr_line' id='line_1_1' title="bbox 0 0 2535 654; baseline 0 0"><span class='ocrx_word' id='word_1_1' title='bbox 0 0 687 329; x_wconf 95' lang='lat' dir='ltr'><strong> </strong></span> <span class='ocrx_word' id='word_1_2' title='bbox 2180 0 2535 654; x_wconf 95' lang='lat' dir='ltr'><strong> </strong></span> 
     </span>
    </p>
   </div>
   <div class='ocr_carea' id='block_1_2' title="bbox 285 695 2191 877">
    <p class='ocr_par' dir='ltr' id='par_1_2' title="bbox 285 695 2191 877">
     <span class='ocr_line' id='line_1_2' title="bbox 285 695 2191 785; baseline 0.001 -18"><span class='ocrx_word' id='word_1_3' title='bbox 285 695 418 784; x_wconf 85' lang='lat' dir='ltr'><strong>Quid</strong></span> <span class='ocrx_word' id='word_1_4' title='bbox 471 700 683 769; x_wconf 82' lang='lat' dir='ltr'><strong>venusti</strong></span> <span class='ocrx_word' id='word_1_5' title='bbox 736 706 793 768; x_wconf 86' lang='lat' dir='ltr'><strong>et</strong></span> <span class='ocrx_word' id='word_1_6' title='bbox 844 698 1117 785; x_wconf 84' lang='lat' dir='ltr'><strong>elegantis</strong></span> <span class='ocrx_word' id='word_1_7' title='bbox 1171 699 1219 768; x_wconf 89' lang='lat' dir='ltr'><strong>in</strong></span> <span class='ocrx_word' id='word_1_8' title='bbox 1272 698 1565 768; x_wconf 82' lang='lat' dir='ltr'><strong>verborum</strong></span> <span class='ocrx_word' id='word_1_9' title='bbox 1619 698 1923 769; x_wconf 78' lang='lat' dir='ltr'><strong>elocutione</strong></span> <span class='ocrx_word' id='word_1_10' title='bbox 1975 698 2191 769; x_wconf 80' lang='lat' dir='ltr'><strong>Homeri</strong></span> 
     </span>
     <span class='ocr_line' id='line_1_3' title="bbox 959 808 1505 877; baseline 0 -2"><span class='ocrx_word' id='word_1_11' title='bbox 959 809 1203 877; x_wconf 82' lang='lat' dir='ltr'><strong>carmina</strong></span> <span class='ocrx_word' id='word_1_12' title='bbox 1256 808 1505 877; x_wconf 81' lang='lat' dir='ltr'><strong>habeant.</strong></span> 
     </span>
    </p>
   </div>
   <div class='ocr_carea' id='block_1_3' title="bbox 1143 956 1323 961">
    <p class='ocr_par' dir='ltr' id='par_1_3' title="bbox 1143 956 1323 961">
     <span class='ocr_line' id='line_1_4' title="bbox 1143 956 1323 961; baseline 0 0"><span class='ocrx_word' id='word_1_13' title='bbox 1143 956 1323 961; x_wconf 95' lang='lat' dir='ltr'><strong> </strong></span> 
     </span>
    </p>
   </div>
   <div class='ocr_carea' id='block_1_4' title="bbox 114 1021 2317 2458">
    <p class='ocr_par' dir='ltr' id='par_1_4' title="bbox 155 1021 2317 1372">
     <span class='ocr_line' id='line_1_5' title="bbox 308 1021 2317 1071; baseline 0 -12"><span class='ocrx_word' id='word_1_14' title='bbox 308 1021 519 1069; x_wconf 76' lang='lat' dir='ltr'><strong>Quicunque</strong></span> <span class='ocrx_word' id='word_1_15' title='bbox 546 1022 599 1059; x_wconf 90' lang='lat' dir='ltr'><strong>vir</strong></span> <span class='ocrx_word' id='word_1_16' title='bbox 627 1023 772 1071; x_wconf 83' lang='lat' dir='ltr'><strong>ingenio</strong></span> <span class='ocrx_word' id='word_1_17' title='bbox 806 1022 988 1070; x_wconf 79' lang='lat' dir='ltr'><strong>praeditus</strong></span> <span class='ocrx_word' id='word_1_18' title='bbox 1023 1033 1066 1058; x_wconf 84' lang='lat' dir='ltr'><strong>ex</strong></span> <span class='ocrx_word' id='word_1_19' title='bbox 1094 1026 1214 1060; x_wconf 89' lang='lat' dir='ltr'><strong>mente</strong></span> <span class='ocrx_word' id='word_1_20' title='bbox 1242 1023 1364 1060; x_wconf 85' lang='lat' dir='ltr'><strong>divina</strong></span> <span class='ocrx_word' id='word_1_21' title='bbox 1390 1022 1492 1070; x_wconf 88' lang='lat' dir='ltr'><strong>quasi</strong></span> <span class='ocrx_word' id='word_1_22' title='bbox 1529 1022 1657 1060; x_wconf 87' lang='lat' dir='ltr'><strong>hausto</strong></span> <span class='ocrx_word' id='word_1_23' title='bbox 1684 1027 1790 1070; x_wconf 86' lang='lat' dir='ltr'><strong>atque</strong></span> <span class='ocrx_word' id='word_1_24' title='bbox 1816 1022 1980 1068; x_wconf 82' lang='lat' dir='ltr'><strong>delibato,</strong></span> <span class='ocrx_word' id='word_1_25' title='bbox 2021 1027 2091 1060; x_wconf 88' lang='lat' dir='ltr'><strong>toto</strong></span> <span class='ocrx_word' id='word_1_26' title='bbox 2132 1022 2253 1060; x_wconf 89' lang='lat' dir='ltr'><strong>animo</strong></span> <span class='ocrx_word' id='word_1_27' title='bbox 2280 1025 2317 1060; x_wconf 85' lang='lat' dir='ltr'><strong>et</strong></span> 
     </span>
     <span class='ocr_line' id='line_1_6' title="bbox 158 1081 2316 1131; baseline 0 -12"><span class='ocrx_word' id='word_1_28' title='bbox 158 1081 276 1120; x_wconf 84' lang='lat' dir='ltr'><strong>studio</strong></span> <span class='ocrx_word' id='word_1_29' title='bbox 304 1083 414 1119; x_wconf 89' lang='lat' dir='ltr'><strong>ommi</strong></span> <span class='ocrx_word' id='word_1_30' title='bbox 441 1083 604 1120; x_wconf 84' lang='lat' dir='ltr'><strong>incubuit</strong></span> <span class='ocrx_word' id='word_1_31' title='bbox 629 1083 673 1119; x_wconf 86' lang='lat' dir='ltr'><strong>ad</strong></span> <span class='ocrx_word' id='word_1_32' title='bbox 700 1082 852 1119; x_wconf 86' lang='lat' dir='ltr'><strong>salutem</strong></span> <span class='ocrx_word' id='word_1_33' title='bbox 878 1082 1021 1130; x_wconf 82' lang='lat' dir='ltr'><strong>generis</strong></span> <span class='ocrx_word' id='word_1_34' title='bbox 1048 1081 1208 1126; x_wconf 87' lang='lat' dir='ltr'><strong>humani,</strong></span> <span class='ocrx_word' id='word_1_35' title='bbox 1237 1082 1310 1119; x_wconf 84' lang='lat' dir='ltr'><strong>sere</strong></span> <span class='ocrx_word' id='word_1_36' title='bbox 1337 1092 1478 1130; x_wconf 88' lang='lat' dir='ltr'><strong>semper</strong></span> <span class='ocrx_word' id='word_1_37' title='bbox 1504 1082 1611 1118; x_wconf 85' lang='lat' dir='ltr'><strong>firma</strong></span> <span class='ocrx_word' id='word_1_38' title='bbox 1652 1092 1692 1118; x_wconf 83' lang='lat' dir='ltr'><strong>ac</strong></span> <span class='ocrx_word' id='word_1_39' title='bbox 1718 1085 1887 1130; x_wconf 88' lang='lat' dir='ltr'><strong>perpetua</strong></span> <span class='ocrx_word' id='word_1_40' title='bbox 1913 1081 1967 1119; x_wconf 91' lang='lat' dir='ltr'><strong>sui</strong></span> <span class='ocrx_word' id='word_1_41' title='bbox 1994 1082 2144 1131; x_wconf 85' lang='lat' dir='ltr'><strong>vestigia</strong></span> <span class='ocrx_word' id='word_1_42' title='bbox 2170 1082 2316 1129; x_wconf 87' lang='lat' dir='ltr'><strong>reliquit</strong></span> 
     </span>
     <span class='ocr_line' id='line_1_7' title="bbox 156 1139 2315 1190; baseline 0.001 -12"><span class='ocrx_word' id='word_1_43' title='bbox 156 1140 375 1187; x_wconf 84' lang='lat' dir='ltr'><strong>hominibus,</strong></span> <span class='ocrx_word' id='word_1_44' title='bbox 394 1139 564 1190; x_wconf 79' lang='lat' dir='ltr'><strong>¹quaeque</strong></span> <span class='ocrx_word' id='word_1_45' title='bbox 590 1143 636 1180; x_wconf 84' lang='lat' dir='ltr'><strong>ab</strong></span> <span class='ocrx_word' id='word_1_46' title='bbox 662 1153 703 1179; x_wconf 90' lang='lat' dir='ltr'><strong>eo</strong></span> <span class='ocrx_word' id='word_1_47' title='bbox 730 1143 930 1190; x_wconf 83' lang='lat' dir='ltr'><strong>excogitata</strong></span> <span class='ocrx_word' id='word_1_48' title='bbox 956 1145 1018 1179; x_wconf 87' lang='lat' dir='ltr'><strong>aut</strong></span> <span class='ocrx_word' id='word_1_49' title='bbox 1044 1143 1190 1179; x_wconf 90' lang='lat' dir='ltr'><strong>inventa</strong></span> <span class='ocrx_word' id='word_1_50' title='bbox 1216 1147 1310 1186; x_wconf 86' lang='lat' dir='ltr'><strong>sunt,</strong></span> <span class='ocrx_word' id='word_1_51' title='bbox 1339 1153 1401 1189; x_wconf 87' lang='lat' dir='ltr'><strong>per</strong></span> <span class='ocrx_word' id='word_1_52' title='bbox 1443 1152 1586 1178; x_wconf 89' lang='lat' dir='ltr'><strong>omnem</strong></span> <span class='ocrx_word' id='word_1_53' title='bbox 1619 1142 1839 1179; x_wconf 85' lang='lat' dir='ltr'><strong>saeculorum</strong></span> <span class='ocrx_word' id='word_1_54' title='bbox 1867 1142 2074 1179; x_wconf 80' lang='lat' dir='ltr'><strong>memoriam</strong></span> <span class='ocrx_word' id='word_1_55' title='bbox 2101 1145 2315 1180; x_wconf 88' lang='lat' dir='ltr'><strong>manserunt</strong></span> 
     </span>
     <span class='ocr_line' id='line_1_8' title="bbox 155 1194 2312 1251; baseline -0 -10"><span class='ocrx_word' id='word_1_56' title='bbox 155 1215 196 1241; x_wconf 83' lang='lat' dir='ltr'><strong>ac</strong></span> <span class='ocrx_word' id='word_1_57' title='bbox 222 1203 429 1241; x_wconf 84' lang='lat' dir='ltr'><strong>floruerunt.</strong></span> <span class='ocrx_word' id='word_1_58' title='bbox 485 1203 581 1240; x_wconf 90' lang='lat' dir='ltr'><strong>Vivit</strong></span> <span class='ocrx_word' id='word_1_59' title='bbox 608 1204 770 1251; x_wconf 86' lang='lat' dir='ltr'><strong>vivetque</strong></span> <span class='ocrx_word' id='word_1_60' title='bbox 796 1214 937 1251; x_wconf 83' lang='lat' dir='ltr'><strong>semper</strong></span> <span class='ocrx_word' id='word_1_61' title='bbox 963 1208 1069 1251; x_wconf 87' lang='lat' dir='ltr'><strong>atque</strong></span> <span class='ocrx_word' id='word_1_62' title='bbox 1096 1194 1133 1240; x_wconf 82' lang='lat' dir='ltr'><strong>in</strong></span> <span class='ocrx_word' id='word_1_63' title='bbox 1161 1203 1333 1240; x_wconf 88' lang='lat' dir='ltr'><strong>memoria</strong></span> <span class='ocrx_word' id='word_1_64' title='bbox 1358 1202 1547 1240; x_wconf 90' lang='lat' dir='ltr'><strong>hominum</strong></span> <span class='ocrx_word' id='word_1_65' title='bbox 1587 1206 1622 1239; x_wconf 92' lang='lat' dir='ltr'><strong>et</strong></span> <span class='ocrx_word' id='word_1_66' title='bbox 1647 1213 1811 1239; x_wconf 86' lang='lat' dir='ltr'><strong>sermone</strong></span> <span class='ocrx_word' id='word_1_67' title='bbox 1837 1202 2047 1245; x_wconf 80' lang='lat' dir='ltr'><strong>versabitur,</strong></span> <span class='ocrx_word' id='word_1_68' title='bbox 2086 1202 2173 1239; x_wconf 89' lang='lat' dir='ltr'><strong>dum</strong></span> <span class='ocrx_word' id='word_1_69' title='bbox 2200 1203 2312 1240; x_wconf 87' lang='lat' dir='ltr'><strong>animi</strong></span> 
     </span>
     <span class='ocr_line' id='line_1_9' title="bbox 159 1262 2314 1313; baseline 0 -12"><span class='ocrx_word' id='word_1_70' title='bbox 159 1263 283 1307; x_wconf 82' lang='lat' dir='ltr'><strong>nostri,</strong></span> <span class='ocrx_word' id='word_1_71' title='bbox 311 1264 431 1312; x_wconf 89' lang='lat' dir='ltr'><strong>pravis</strong></span> <span class='ocrx_word' id='word_1_72' title='bbox 458 1267 564 1312; x_wconf 86' lang='lat' dir='ltr'><strong>atque</strong></span> <span class='ocrx_word' id='word_1_73' title='bbox 590 1263 786 1301; x_wconf 83' lang='lat' dir='ltr'><strong>humilibus</strong></span> <span class='ocrx_word' id='word_1_74' title='bbox 813 1264 1039 1313; x_wconf 81' lang='lat' dir='ltr'><strong>cupidinibus</strong></span> <span class='ocrx_word' id='word_1_75' title='bbox 1077 1264 1121 1301; x_wconf 84' lang='lat' dir='ltr'><strong>ad</strong></span> <span class='ocrx_word' id='word_1_76' title='bbox 1148 1264 1314 1301; x_wconf 86' lang='lat' dir='ltr'><strong>inertiam</strong></span> <span class='ocrx_word' id='word_1_77' title='bbox 1361 1273 1433 1299; x_wconf 93' lang='lat' dir='ltr'><strong>non</strong></span> <span class='ocrx_word' id='word_1_78' title='bbox 1470 1262 1699 1311; x_wconf 89' lang='lat' dir='ltr'><strong>pessumdati,</strong></span> <span class='ocrx_word' id='word_1_79' title='bbox 1736 1263 1869 1310; x_wconf 85' lang='lat' dir='ltr'><strong>impetu</strong></span> <span class='ocrx_word' id='word_1_80' title='bbox 1896 1262 1956 1300; x_wconf 92' lang='lat' dir='ltr'><strong>illo</strong></span> <span class='ocrx_word' id='word_1_81' title='bbox 1983 1263 2102 1300; x_wconf 93' lang='lat' dir='ltr'><strong>divino</strong></span> <span class='ocrx_word' id='word_1_82' title='bbox 2128 1263 2314 1313; x_wconf 81' lang='lat' dir='ltr'><strong>compulsi,</strong></span> 
     </span>
     <span class='ocr_line' id='line_1_10' title="bbox 158 1323 1259 1372; baseline -0.001 -10"><span class='ocrx_word' id='word_1_83' title='bbox 158 1324 204 1361; x_wconf 89' lang='lat' dir='ltr'><strong>ad</strong></span> <span class='ocrx_word' id='word_1_84' title='bbox 229 1335 364 1369; x_wconf 89' lang='lat' dir='ltr'><strong>verum,</strong></span> <span class='ocrx_word' id='word_1_85' title='bbox 392 1324 538 1368; x_wconf 90' lang='lat' dir='ltr'><strong>bonum,</strong></span> <span class='ocrx_word' id='word_1_86' title='bbox 565 1323 754 1372; x_wconf 90' lang='lat' dir='ltr'><strong>pulchrum</strong></span> <span class='ocrx_word' id='word_1_87' title='bbox 782 1324 974 1361; x_wconf 88' lang='lat' dir='ltr'><strong>trahuntur</strong></span> <span class='ocrx_word' id='word_1_88' title='bbox 999 1329 1034 1361; x_wconf 91' lang='lat' dir='ltr'><strong>et</strong></span> <span class='ocrx_word' id='word_1_89' title='bbox 1059 1325 1259 1372; x_wconf 84' lang='lat' dir='ltr'><strong>rapiuntur.</strong></span> 
     </span>
    </p>

    <p class='ocr_par' dir='ltr' id='par_1_5' title="bbox 154 1382 2313 1673">
     <span class='ocr_line' id='line_1_11' title="bbox 312 1382 2313 1431; baseline 0 -10"><span class='ocrx_word' id='word_1_90' title='bbox 312 1383 350 1421; x_wconf 86' lang='lat' dir='ltr'><strong>Si</strong></span> <span class='ocrx_word' id='word_1_91' title='bbox 378 1395 475 1421; x_wconf 87' lang='lat' dir='ltr'><strong>nunc</strong></span> <span class='ocrx_word' id='word_1_92' title='bbox 502 1384 645 1431; x_wconf 90' lang='lat' dir='ltr'><strong>quidem</strong></span> <span class='ocrx_word' id='word_1_93' title='bbox 673 1384 717 1420; x_wconf 88' lang='lat' dir='ltr'><strong>ad</strong></span> <span class='ocrx_word' id='word_1_94' title='bbox 745 1388 858 1421; x_wconf 90' lang='lat' dir='ltr'><strong>artem</strong></span> <span class='ocrx_word' id='word_1_95' title='bbox 885 1384 997 1421; x_wconf 89' lang='lat' dir='ltr'><strong>solam</strong></span> <span class='ocrx_word' id='word_1_96' title='bbox 1026 1395 1092 1421; x_wconf 89' lang='lat' dir='ltr'><strong>nos</strong></span> <span class='ocrx_word' id='word_1_97' title='bbox 1113 1383 1351 1420; x_wconf 84' lang='lat' dir='ltr'><strong>convertimus</strong></span> <span class='ocrx_word' id='word_1_98' title='bbox 1365 1382 1676 1430; x_wconf 78' lang='lat' dir='ltr'><strong>contemplandam</strong></span> <span class='ocrx_word' id='word_1_99' title='bbox 1695 1383 1836 1420; x_wconf 89' lang='lat' dir='ltr'><strong>omissis</strong></span> <span class='ocrx_word' id='word_1_100' title='bbox 1862 1383 1932 1420; x_wconf 92' lang='lat' dir='ltr'><strong>illis</strong></span> <span class='ocrx_word' id='word_1_101' title='bbox 1950 1383 2198 1422; x_wconf 83' lang='lat' dir='ltr'><strong>illustrissimis</strong></span> <span class='ocrx_word' id='word_1_102' title='bbox 2216 1386 2313 1431; x_wconf 85' lang='lat' dir='ltr'><strong>viris,</strong></span> 
     </span>
     <span class='ocr_line' id='line_1_12' title="bbox 159 1443 2313 1493; baseline 0.001 -11"><span class='ocrx_word' id='word_1_103' title='bbox 159 1444 231 1493; x_wconf 87' lang='lat' dir='ltr'><strong>qui,</strong></span> <span class='ocrx_word' id='word_1_104' title='bbox 258 1444 297 1482; x_wconf 91' lang='lat' dir='ltr'><strong>in</strong></span> <span class='ocrx_word' id='word_1_105' title='bbox 324 1444 452 1482; x_wconf 88' lang='lat' dir='ltr'><strong>litteris</strong></span> <span class='ocrx_word' id='word_1_106' title='bbox 480 1447 541 1482; x_wconf 86' lang='lat' dir='ltr'><strong>aut</strong></span> <span class='ocrx_word' id='word_1_107' title='bbox 566 1444 672 1482; x_wconf 90' lang='lat' dir='ltr'><strong>rebus</strong></span> <span class='ocrx_word' id='word_1_108' title='bbox 702 1444 830 1483; x_wconf 87' lang='lat' dir='ltr'><strong>divinis</strong></span> <span class='ocrx_word' id='word_1_109' title='bbox 859 1444 1029 1493; x_wconf 82' lang='lat' dir='ltr'><strong>occupati.</strong></span> <span class='ocrx_word' id='word_1_110' title='bbox 1057 1443 1264 1481; x_wconf 90' lang='lat' dir='ltr'><strong>hominibus</strong></span> <span class='ocrx_word' id='word_1_111' title='bbox 1303 1443 1348 1480; x_wconf 87' lang='lat' dir='ltr'><strong>ad</strong></span> <span class='ocrx_word' id='word_1_112' title='bbox 1387 1443 1478 1480; x_wconf 90' lang='lat' dir='ltr'><strong>bene</strong></span> <span class='ocrx_word' id='word_1_113' title='bbox 1517 1443 1689 1491; x_wconf 81' lang='lat' dir='ltr'><strong>beateque</strong></span> <span class='ocrx_word' id='word_1_114' title='bbox 1727 1443 1916 1481; x_wconf 90' lang='lat' dir='ltr'><strong>vivendum</strong></span> <span class='ocrx_word' id='word_1_115' title='bbox 1956 1444 2092 1482; x_wconf 80' lang='lat' dir='ltr'><strong>aditum</strong></span> <span class='ocrx_word' id='word_1_116' title='bbox 2127 1445 2313 1493; x_wconf 79' lang='lat' dir='ltr'><strong>dederunt,</strong></span> 
     </span>
     <span class='ocr_line' id='line_1_13' title="bbox 156 1496 2311 1554; baseline 0.001 -12"><span class='ocrx_word' id='word_1_117' title='bbox 156 1505 295 1542; x_wconf 92' lang='lat' dir='ltr'><strong>nullum</strong></span> <span class='ocrx_word' id='word_1_118' title='bbox 325 1506 415 1543; x_wconf 87' lang='lat' dir='ltr'><strong>artis</strong></span> <span class='ocrx_word' id='word_1_119' title='bbox 442 1512 714 1542; x_wconf 88' lang='lat' dir='ltr'><strong>monumentum</strong></span> <span class='ocrx_word' id='word_1_120' title='bbox 743 1517 824 1542; x_wconf 91' lang='lat' dir='ltr'><strong>cum</strong></span> <span class='ocrx_word' id='word_1_121' title='bbox 851 1496 895 1542; x_wconf 81' lang='lat' dir='ltr'><strong>ad</strong></span> <span class='ocrx_word' id='word_1_122' title='bbox 923 1517 1038 1553; x_wconf 85' lang='lat' dir='ltr'><strong>genus</strong></span> <span class='ocrx_word' id='word_1_123' title='bbox 1064 1504 1264 1541; x_wconf 87' lang='lat' dir='ltr'><strong>humanum</strong></span> <span class='ocrx_word' id='word_1_124' title='bbox 1291 1504 1515 1541; x_wconf 86' lang='lat' dir='ltr'><strong>educandum</strong></span> <span class='ocrx_word' id='word_1_125' title='bbox 1543 1510 1649 1551; x_wconf 88' lang='lat' dir='ltr'><strong>atque</strong></span> <span class='ocrx_word' id='word_1_126' title='bbox 1674 1505 1971 1550; x_wconf 87' lang='lat' dir='ltr'><strong>confirmandum,</strong></span> <span class='ocrx_word' id='word_1_127' title='bbox 1999 1511 2075 1543; x_wconf 87' lang='lat' dir='ltr'><strong>tum</strong></span> <span class='ocrx_word' id='word_1_128' title='bbox 2102 1508 2311 1554; x_wconf 82' lang='lat' dir='ltr'><strong>praesertim</strong></span> 
     </span>
     <span class='ocr_line' id='line_1_14' title="bbox 155 1563 2312 1613; baseline 0.001 -12"><span class='ocrx_word' id='word_1_129' title='bbox 155 1565 201 1601; x_wconf 83' lang='lat' dir='ltr'><strong>ad</strong></span> <span class='ocrx_word' id='word_1_130' title='bbox 227 1575 354 1602; x_wconf 90' lang='lat' dir='ltr'><strong>omnes</strong></span> <span class='ocrx_word' id='word_1_131' title='bbox 382 1565 470 1602; x_wconf 85' lang='lat' dir='ltr'><strong>artis</strong></span> <span class='ocrx_word' id='word_1_132' title='bbox 496 1564 704 1613; x_wconf 89' lang='lat' dir='ltr'><strong>disciplinas</strong></span> <span class='ocrx_word' id='word_1_133' title='bbox 744 1565 927 1613; x_wconf 86' lang='lat' dir='ltr'><strong>augendas</strong></span> <span class='ocrx_word' id='word_1_134' title='bbox 954 1568 1061 1612; x_wconf 91' lang='lat' dir='ltr'><strong>atque</strong></span> <span class='ocrx_word' id='word_1_135' title='bbox 1088 1563 1299 1601; x_wconf 84' lang='lat' dir='ltr'><strong>excolendas</strong></span> <span class='ocrx_word' id='word_1_136' title='bbox 1326 1575 1389 1611; x_wconf 90' lang='lat' dir='ltr'><strong>per</strong></span> <span class='ocrx_word' id='word_1_137' title='bbox 1415 1564 1521 1600; x_wconf 90' lang='lat' dir='ltr'><strong>trium</strong></span> <span class='ocrx_word' id='word_1_138' title='bbox 1560 1564 1698 1601; x_wconf 91' lang='lat' dir='ltr'><strong>milium</strong></span> <span class='ocrx_word' id='word_1_139' title='bbox 1732 1575 1909 1602; x_wconf 88' lang='lat' dir='ltr'><strong>annorum</strong></span> <span class='ocrx_word' id='word_1_140' title='bbox 1935 1565 2089 1613; x_wconf 87' lang='lat' dir='ltr'><strong>spatium</strong></span> <span class='ocrx_word' id='word_1_141' title='bbox 2116 1565 2214 1603; x_wconf 85' lang='lat' dir='ltr'><strong>haud</strong></span> <span class='ocrx_word' id='word_1_142' title='bbox 2239 1567 2312 1604; x_wconf 79' lang='lat' dir='ltr'><strong>scio</strong></span> 
     </span>
     <span class='ocr_line' id='line_1_15' title="bbox 154 1625 1144 1673; baseline 0 -11"><span class='ocrx_word' id='word_1_143' title='bbox 154 1636 202 1662; x_wconf 88' lang='lat' dir='ltr'><strong>an</strong></span> <span class='ocrx_word' id='word_1_144' title='bbox 229 1625 346 1673; x_wconf 87' lang='lat' dir='ltr'><strong>magis</strong></span> <span class='ocrx_word' id='word_1_145' title='bbox 372 1625 593 1673; x_wconf 84' lang='lat' dir='ltr'><strong>pertinuerit,</strong></span> <span class='ocrx_word' id='word_1_146' title='bbox 621 1637 730 1673; x_wconf 88' lang='lat' dir='ltr'><strong>quam</strong></span> <span class='ocrx_word' id='word_1_147' title='bbox 756 1626 917 1663; x_wconf 86' lang='lat' dir='ltr'><strong>carmina</strong></span> <span class='ocrx_word' id='word_1_148' title='bbox 944 1625 1144 1662; x_wconf 87' lang='lat' dir='ltr'><strong>Homerica.</strong></span> 
     </span>
    </p>

    <p class='ocr_par' dir='ltr' id='par_1_6' title="bbox 114 1684 2314 2458">
     <span class='ocr_line' id='line_1_16' title="bbox 309 1684 2314 1735; baseline 0.002 -13"><span class='ocrx_word' id='word_1_149' title='bbox 309 1684 400 1722; x_wconf 87' lang='lat' dir='ltr'><strong>Cum</strong></span> <span class='ocrx_word' id='word_1_150' title='bbox 427 1685 604 1723; x_wconf 88' lang='lat' dir='ltr'><strong>Homerus</strong></span> <span class='ocrx_word' id='word_1_151' title='bbox 632 1689 671 1723; x_wconf 90' lang='lat' dir='ltr'><strong>ut</strong></span> <span class='ocrx_word' id='word_1_152' title='bbox 689 1685 845 1724; x_wconf 87' lang='lat' dir='ltr'><strong>Graecus</strong></span> <span class='ocrx_word' id='word_1_153' title='bbox 872 1698 955 1724; x_wconf 87' lang='lat' dir='ltr'><strong>suae</strong></span> <span class='ocrx_word' id='word_1_154' title='bbox 982 1687 1107 1724; x_wconf 86' lang='lat' dir='ltr'><strong>aetatis</strong></span> <span class='ocrx_word' id='word_1_155' title='bbox 1134 1686 1295 1723; x_wconf 84' lang='lat' dir='ltr'><strong>carmina</strong></span> <span class='ocrx_word' id='word_1_156' title='bbox 1321 1696 1387 1723; x_wconf 87' lang='lat' dir='ltr'><strong>sua</strong></span> <span class='ocrx_word' id='word_1_157' title='bbox 1412 1686 1657 1733; x_wconf 89' lang='lat' dir='ltr'><strong>composuerit,</strong></span> <span class='ocrx_word' id='word_1_158' title='bbox 1687 1686 1817 1723; x_wconf 91' lang='lat' dir='ltr'><strong>mirum</strong></span> <span class='ocrx_word' id='word_1_159' title='bbox 1844 1697 1918 1723; x_wconf 89' lang='lat' dir='ltr'><strong>non</strong></span> <span class='ocrx_word' id='word_1_160' title='bbox 1940 1690 2004 1731; x_wconf 88' lang='lat' dir='ltr'><strong>est,</strong></span> <span class='ocrx_word' id='word_1_161' title='bbox 2033 1687 2126 1735; x_wconf 93' lang='lat' dir='ltr'><strong>quod</strong></span> <span class='ocrx_word' id='word_1_162' title='bbox 2147 1687 2314 1726; x_wconf 83' lang='lat' dir='ltr'><strong>nonnulli</strong></span> 
     </span>
     <span class='ocr_line' id='line_1_17' title="bbox 158 1745 2311 1796; baseline 0.002 -14"><span class='ocrx_word' id='word_1_163' title='bbox 158 1745 224 1783; x_wconf 93' lang='lat' dir='ltr'><strong>loci</strong></span> <span class='ocrx_word' id='word_1_164' title='bbox 250 1746 296 1783; x_wconf 89' lang='lat' dir='ltr'><strong>ab</strong></span> <span class='ocrx_word' id='word_1_165' title='bbox 322 1745 465 1783; x_wconf 92' lang='lat' dir='ltr'><strong>illorum</strong></span> <span class='ocrx_word' id='word_1_166' title='bbox 492 1749 692 1794; x_wconf 89' lang='lat' dir='ltr'><strong>temporum</strong></span> <span class='ocrx_word' id='word_1_167' title='bbox 718 1746 947 1794; x_wconf 85' lang='lat' dir='ltr'><strong>opinionibus</strong></span> <span class='ocrx_word' id='word_1_168' title='bbox 973 1757 1046 1783; x_wconf 91' lang='lat' dir='ltr'><strong>non</strong></span> <span class='ocrx_word' id='word_1_169' title='bbox 1074 1746 1308 1787; x_wconf 82' lang='lat' dir='ltr'><strong>abhorrentes</strong></span> <span class='ocrx_word' id='word_1_170' title='bbox 1335 1745 1488 1793; x_wconf 86' lang='lat' dir='ltr'><strong>amplius</strong></span> <span class='ocrx_word' id='word_1_171' title='bbox 1514 1746 1618 1783; x_wconf 93' lang='lat' dir='ltr'><strong>nobis</strong></span> <span class='ocrx_word' id='word_1_172' title='bbox 1645 1758 1719 1784; x_wconf 90' lang='lat' dir='ltr'><strong>non</strong></span> <span class='ocrx_word' id='word_1_173' title='bbox 1734 1747 1940 1795; x_wconf 80' lang='lat' dir='ltr'><strong>probantur.</strong></span> <span class='ocrx_word' id='word_1_174' title='bbox 1970 1747 2194 1796; x_wconf 86' lang='lat' dir='ltr'><strong>Quamquam</strong></span> <span class='ocrx_word' id='word_1_175' title='bbox 2214 1748 2311 1786; x_wconf 90' lang='lat' dir='ltr'><strong>enim</strong></span> 
     </span>
     <span class='ocr_line' id='line_1_18' title="bbox 159 1806 2311 1856; baseline 0.002 -13"><span class='ocrx_word' id='word_1_176' title='bbox 159 1806 348 1852; x_wconf 87' lang='lat' dir='ltr'><strong>Homerus,</strong></span> <span class='ocrx_word' id='word_1_177' title='bbox 376 1810 416 1844; x_wconf 91' lang='lat' dir='ltr'><strong>ut</strong></span> <span class='ocrx_word' id='word_1_178' title='bbox 441 1806 510 1843; x_wconf 86' lang='lat' dir='ltr'><strong>hoc</strong></span> <span class='ocrx_word' id='word_1_179' title='bbox 536 1807 696 1855; x_wconf 85' lang='lat' dir='ltr'><strong>exemplo</strong></span> <span class='ocrx_word' id='word_1_180' title='bbox 723 1811 814 1852; x_wconf 84' lang='lat' dir='ltr'><strong>utar,</strong></span> <span class='ocrx_word' id='word_1_181' title='bbox 842 1808 1028 1856; x_wconf 89' lang='lat' dir='ltr'><strong>opiniones</strong></span> <span class='ocrx_word' id='word_1_182' title='bbox 1043 1807 1259 1845; x_wconf 81' lang='lat' dir='ltr'><strong>Graecorum</strong></span> <span class='ocrx_word' id='word_1_183' title='bbox 1286 1806 1381 1844; x_wconf 90' lang='lat' dir='ltr'><strong>illius</strong></span> <span class='ocrx_word' id='word_1_184' title='bbox 1400 1807 1525 1844; x_wconf 90' lang='lat' dir='ltr'><strong>aetatis</strong></span> <span class='ocrx_word' id='word_1_185' title='bbox 1551 1808 1595 1844; x_wconf 90' lang='lat' dir='ltr'><strong>ad</strong></span> <span class='ocrx_word' id='word_1_186' title='bbox 1615 1807 1760 1844; x_wconf 91' lang='lat' dir='ltr'><strong>deorum</strong></span> <span class='ocrx_word' id='word_1_187' title='bbox 1788 1811 1954 1844; x_wconf 83' lang='lat' dir='ltr'><strong>naturam</strong></span> <span class='ocrx_word' id='word_1_188' title='bbox 1982 1812 2182 1856; x_wconf 82' lang='lat' dir='ltr'><strong>spectantes</strong></span> <span class='ocrx_word' id='word_1_189' title='bbox 2210 1820 2311 1847; x_wconf 79' lang='lat' dir='ltr'><strong>accu-</strong></span> 
     </span>
     <span class='ocr_line' id='line_1_19' title="bbox 158 1867 2311 1917; baseline 0.001 -13"><span class='ocrx_word' id='word_1_190' title='bbox 158 1867 336 1905; x_wconf 86' lang='lat' dir='ltr'><strong>ratissime</strong></span> <span class='ocrx_word' id='word_1_191' title='bbox 362 1868 535 1915; x_wconf 86' lang='lat' dir='ltr'><strong>exposuit,</strong></span> <span class='ocrx_word' id='word_1_192' title='bbox 562 1878 670 1916; x_wconf 85' lang='lat' dir='ltr'><strong>quam</strong></span> <span class='ocrx_word' id='word_1_193' title='bbox 698 1868 743 1904; x_wconf 91' lang='lat' dir='ltr'><strong>ob</strong></span> <span class='ocrx_word' id='word_1_194' title='bbox 770 1878 914 1905; x_wconf 87' lang='lat' dir='ltr'><strong>causam</strong></span> <span class='ocrx_word' id='word_1_195' title='bbox 942 1872 1035 1905; x_wconf 86' lang='lat' dir='ltr'><strong>recte</strong></span> <span class='ocrx_word' id='word_1_196' title='bbox 1061 1868 1262 1904; x_wconf 85' lang='lat' dir='ltr'><strong>Herodotus</strong></span> <span class='ocrx_word' id='word_1_197' title='bbox 1292 1867 1460 1911; x_wconf 86' lang='lat' dir='ltr'><strong>„Graecis</strong></span> <span class='ocrx_word' id='word_1_198' title='bbox 1500 1868 1584 1905; x_wconf 90' lang='lat' dir='ltr'><strong>deos</strong></span> <span class='ocrx_word' id='word_1_199' title='bbox 1612 1868 1657 1905; x_wconf 91' lang='lat' dir='ltr'><strong>ab</strong></span> <span class='ocrx_word' id='word_1_200' title='bbox 1683 1868 1839 1905; x_wconf 84' lang='lat' dir='ltr'><strong>Homero</strong></span> <span class='ocrx_word' id='word_1_201' title='bbox 1866 1872 1901 1905; x_wconf 91' lang='lat' dir='ltr'><strong>et</strong></span> <span class='ocrx_word' id='word_1_202' title='bbox 1925 1868 2080 1906; x_wconf 89' lang='lat' dir='ltr'><strong>Hesiodo</strong></span> <span class='ocrx_word' id='word_1_203' title='bbox 2107 1873 2311 1917; x_wconf 86' lang='lat' dir='ltr'><strong>procreatos</strong></span> 
     </span>
     <span class='ocr_line' id='line_1_20' title="bbox 156 1927 2313 1978; baseline 0.001 -14"><span class='ocrx_word' id='word_1_204' title='bbox 156 1931 256 1965; x_wconf 86' lang='lat' dir='ltr'><strong>esse‘·</strong></span> <span class='ocrx_word' id='word_1_205' title='bbox 287 1928 510 1976; x_wconf 83' lang='lat' dir='ltr'><strong>condentit¹)</strong></span> <span class='ocrx_word' id='word_1_206' title='bbox 537 1932 657 1966; x_wconf 84' lang='lat' dir='ltr'><strong>tamen</strong></span> <span class='ocrx_word' id='word_1_207' title='bbox 680 1928 757 1976; x_wconf 92' lang='lat' dir='ltr'><strong>jam</strong></span> <span class='ocrx_word' id='word_1_208' title='bbox 783 1928 951 1965; x_wconf 87' lang='lat' dir='ltr'><strong>Herodoti</strong></span> <span class='ocrx_word' id='word_1_209' title='bbox 980 1928 1092 1976; x_wconf 90' lang='lat' dir='ltr'><strong>ipsius</strong></span> <span class='ocrx_word' id='word_1_210' title='bbox 1119 1928 1338 1974; x_wconf 88' lang='lat' dir='ltr'><strong>temporibus</strong></span> <span class='ocrx_word' id='word_1_211' title='bbox 1364 1928 1525 1964; x_wconf 83' lang='lat' dir='ltr'><strong>carmina</strong></span> <span class='ocrx_word' id='word_1_212' title='bbox 1551 1928 1697 1978; x_wconf 84' lang='lat' dir='ltr'><strong>Homeri</strong></span> <span class='ocrx_word' id='word_1_213' title='bbox 1720 1927 1811 1965; x_wconf 78' lang='lat' dir='ltr'><strong>¹non</strong></span> <span class='ocrx_word' id='word_1_214' title='bbox 1838 1929 1989 1976; x_wconf 90' lang='lat' dir='ltr'><strong>amplius</strong></span> <span class='ocrx_word' id='word_1_215' title='bbox 2014 1940 2143 1977; x_wconf 86' lang='lat' dir='ltr'><strong>corpus</strong></span> <span class='ocrx_word' id='word_1_216' title='bbox 2172 1941 2313 1967; x_wconf 83' lang='lat' dir='ltr'><strong>sanc-</strong></span> 
     </span>
     <span class='ocr_line' id='line_1_21' title="bbox 156 1987 2313 2036; baseline 0.001 -11"><span class='ocrx_word' id='word_1_217' title='bbox 156 1991 275 2025; x_wconf 89' lang='lat' dir='ltr'><strong>taru</strong></span> <span class='ocrx_word' id='word_1_218' title='bbox 292 1999 327 2024; x_wconf 92' lang='lat' dir='ltr'><strong>m</strong></span> <span class='ocrx_word' id='word_1_219' title='bbox 355 1987 555 2025; x_wconf 87' lang='lat' dir='ltr'><strong>litterarum</strong></span> <span class='ocrx_word' id='word_1_220' title='bbox 582 1999 604 2025; x_wconf 88' lang='lat' dir='ltr'><strong>a</strong></span> <span class='ocrx_word' id='word_1_221' title='bbox 631 1988 776 2025; x_wconf 87' lang='lat' dir='ltr'><strong>Graecis</strong></span> <span class='ocrx_word' id='word_1_222' title='bbox 802 1987 926 2024; x_wconf 88' lang='lat' dir='ltr'><strong>habita</strong></span> <span class='ocrx_word' id='word_1_223' title='bbox 953 1998 1030 2024; x_wconf 87' lang='lat' dir='ltr'><strong>esse</strong></span> <span class='ocrx_word' id='word_1_224' title='bbox 1057 1987 1150 2024; x_wconf 86' lang='lat' dir='ltr'><strong>inter</strong></span> <span class='ocrx_word' id='word_1_225' title='bbox 1173 1998 1309 2024; x_wconf 88' lang='lat' dir='ltr'><strong>ommes</strong></span> <span class='ocrx_word' id='word_1_226' title='bbox 1326 1991 1475 2025; x_wconf 84' lang='lat' dir='ltr'><strong>constat.</strong></span> <span class='ocrx_word' id='word_1_227' title='bbox 1528 1988 1594 2025; x_wconf 90' lang='lat' dir='ltr'><strong>Sed</strong></span> <span class='ocrx_word' id='word_1_228' title='bbox 1623 1988 1765 2026; x_wconf 90' lang='lat' dir='ltr'><strong>animus</strong></span> <span class='ocrx_word' id='word_1_229' title='bbox 1790 1988 1876 2036; x_wconf 89' lang='lat' dir='ltr'><strong>ejus,</strong></span> <span class='ocrx_word' id='word_1_230' title='bbox 1903 1989 1964 2036; x_wconf 91' lang='lat' dir='ltr'><strong>qui</strong></span> <span class='ocrx_word' id='word_1_231' title='bbox 1981 2000 2118 2027; x_wconf 88' lang='lat' dir='ltr'><strong>ommes</strong></span> <span class='ocrx_word' id='word_1_232' title='bbox 2132 1990 2313 2029; x_wconf 79' lang='lat' dir='ltr'><strong>humanas</strong></span> 
     </span>
     <span class='ocr_line' id='line_1_22' title="bbox 157 2048 2313 2100; baseline 0.002 -14"><span class='ocrx_word' id='word_1_233' title='bbox 157 2059 215 2086; x_wconf 88' lang='lat' dir='ltr'><strong>res</strong></span> <span class='ocrx_word' id='word_1_234' title='bbox 239 2048 383 2097; x_wconf 82' lang='lat' dir='ltr'><strong>penitus</strong></span> <span class='ocrx_word' id='word_1_235' title='bbox 410 2049 621 2096; x_wconf 87' lang='lat' dir='ltr'><strong>cognovisse</strong></span> <span class='ocrx_word' id='word_1_236' title='bbox 647 2051 829 2095; x_wconf 85' lang='lat' dir='ltr'><strong>totamque</strong></span> <span class='ocrx_word' id='word_1_237' title='bbox 854 2060 974 2085; x_wconf 89' lang='lat' dir='ltr'><strong>rerum</strong></span> <span class='ocrx_word' id='word_1_238' title='bbox 1001 2052 1168 2085; x_wconf 85' lang='lat' dir='ltr'><strong>naturam</strong></span> <span class='ocrx_word' id='word_1_239' title='bbox 1195 2049 1417 2096; x_wconf 83' lang='lat' dir='ltr'><strong>perspexisse</strong></span> <span class='ocrx_word' id='word_1_240' title='bbox 1455 2049 1603 2092; x_wconf 89' lang='lat' dir='ltr'><strong>videtur,</strong></span> <span class='ocrx_word' id='word_1_241' title='bbox 1637 2060 1750 2095; x_wconf 89' lang='lat' dir='ltr'><strong>usque</strong></span> <span class='ocrx_word' id='word_1_242' title='bbox 1788 2049 1833 2085; x_wconf 89' lang='lat' dir='ltr'><strong>ad</strong></span> <span class='ocrx_word' id='word_1_243' title='bbox 1872 2049 1959 2086; x_wconf 86' lang='lat' dir='ltr'><strong>haec</strong></span> <span class='ocrx_word' id='word_1_244' title='bbox 1999 2056 2123 2088; x_wconf 81' lang='lat' dir='ltr'><strong>nostra</strong></span> <span class='ocrx_word' id='word_1_245' title='bbox 2150 2055 2313 2100; x_wconf 78' lang='lat' dir='ltr'><strong>tempora</strong></span> 
     </span>
     <span class='ocr_line' id='line_1_23' title="bbox 155 2108 2310 2157; baseline 0.002 -12"><span class='ocrx_word' id='word_1_246' title='bbox 155 2108 372 2146; x_wconf 83' lang='lat' dir='ltr'><strong>adulescenti</strong></span> <span class='ocrx_word' id='word_1_247' title='bbox 398 2111 438 2145; x_wconf 91' lang='lat' dir='ltr'><strong>ut</strong></span> <span class='ocrx_word' id='word_1_248' title='bbox 465 2119 603 2145; x_wconf 88' lang='lat' dir='ltr'><strong>morum</strong></span> <span class='ocrx_word' id='word_1_249' title='bbox 630 2108 802 2145; x_wconf 89' lang='lat' dir='ltr'><strong>formator</strong></span> <span class='ocrx_word' id='word_1_250' title='bbox 829 2119 869 2144; x_wconf 88' lang='lat' dir='ltr'><strong>ac</strong></span> <span class='ocrx_word' id='word_1_251' title='bbox 897 2108 1078 2155; x_wconf 87' lang='lat' dir='ltr'><strong>magister,</strong></span> <span class='ocrx_word' id='word_1_252' title='bbox 1105 2108 1179 2144; x_wconf 89' lang='lat' dir='ltr'><strong>viro</strong></span> <span class='ocrx_word' id='word_1_253' title='bbox 1207 2110 1246 2144; x_wconf 90' lang='lat' dir='ltr'><strong>ut</strong></span> <span class='ocrx_word' id='word_1_254' title='bbox 1272 2108 1408 2145; x_wconf 86' lang='lat' dir='ltr'><strong>amicus</strong></span> <span class='ocrx_word' id='word_1_255' title='bbox 1434 2109 1559 2146; x_wconf 86' lang='lat' dir='ltr'><strong>adesse</strong></span> <span class='ocrx_word' id='word_1_256' title='bbox 1585 2112 1711 2157; x_wconf 83' lang='lat' dir='ltr'><strong>potest.</strong></span> <span class='ocrx_word' id='word_1_257' title='bbox 1764 2108 1988 2157; x_wconf 85' lang='lat' dir='ltr'><strong>Quantopere</strong></span> <span class='ocrx_word' id='word_1_258' title='bbox 2015 2114 2135 2147; x_wconf 85' lang='lat' dir='ltr'><strong>autem</strong></span> <span class='ocrx_word' id='word_1_259' title='bbox 2161 2110 2310 2149; x_wconf 84' lang='lat' dir='ltr'><strong>Homeri</strong></span> 
     </span>
     <span class='ocr_line' id='line_1_24' title="bbox 154 2167 2312 2216; baseline 0.002 -11"><span class='ocrx_word' id='word_1_260' title='bbox 154 2169 316 2206; x_wconf 86' lang='lat' dir='ltr'><strong>carmina</strong></span> <span class='ocrx_word' id='word_1_261' title='bbox 342 2173 456 2205; x_wconf 87' lang='lat' dir='ltr'><strong>artem</strong></span> <span class='ocrx_word' id='word_1_262' title='bbox 478 2168 646 2216; x_wconf 87' lang='lat' dir='ltr'><strong>juverint,</strong></span> <span class='ocrx_word' id='word_1_263' title='bbox 688 2169 768 2215; x_wconf 90' lang='lat' dir='ltr'><strong>quis</strong></span> <span class='ocrx_word' id='word_1_264' title='bbox 794 2172 858 2212; x_wconf 88' lang='lat' dir='ltr'><strong>est,</strong></span> <span class='ocrx_word' id='word_1_265' title='bbox 886 2169 947 2215; x_wconf 91' lang='lat' dir='ltr'><strong>qui</strong></span> <span class='ocrx_word' id='word_1_266' title='bbox 974 2168 1122 2205; x_wconf 82' lang='lat' dir='ltr'><strong>nesciat.</strong></span> <span class='ocrx_word' id='word_1_267' title='bbox 1176 2167 1288 2216; x_wconf 83' lang='lat' dir='ltr'><strong>Copia</strong></span> <span class='ocrx_word' id='word_1_268' title='bbox 1326 2168 1387 2205; x_wconf 85' lang='lat' dir='ltr'><strong>illa</strong></span> <span class='ocrx_word' id='word_1_269' title='bbox 1425 2180 1624 2216; x_wconf 85' lang='lat' dir='ltr'><strong>permagna</strong></span> <span class='ocrx_word' id='word_1_270' title='bbox 1651 2169 1969 2216; x_wconf 88' lang='lat' dir='ltr'><strong>pulcherrimarum</strong></span> <span class='ocrx_word' id='word_1_271' title='bbox 2006 2170 2220 2215; x_wconf 83' lang='lat' dir='ltr'><strong>fabularum,</strong></span> <span class='ocrx_word' id='word_1_272' title='bbox 2248 2175 2312 2209; x_wconf 83' lang='lat' dir='ltr'><strong>aut</strong></span> 
     </span>
     <span class='ocr_line' id='line_1_25' title="bbox 114 2227 2309 2280; baseline 0.001 -13"><span class='ocrx_word' id='word_1_273' title='bbox 114 2229 117 2231; x_wconf 69' lang='grc'><strong><em>’</em></strong></span> <span class='ocrx_word' id='word_1_274' title='bbox 155 2229 302 2267; x_wconf 87' lang='lat' dir='ltr'><strong>deorum</strong></span> <span class='ocrx_word' id='word_1_275' title='bbox 329 2232 391 2267; x_wconf 89' lang='lat' dir='ltr'><strong>aut</strong></span> <span class='ocrx_word' id='word_1_276' title='bbox 416 2227 603 2265; x_wconf 91' lang='lat' dir='ltr'><strong>hominum</strong></span> <span class='ocrx_word' id='word_1_277' title='bbox 632 2227 837 2266; x_wconf 86' lang='lat' dir='ltr'><strong>mortalium</strong></span> <span class='ocrx_word' id='word_1_278' title='bbox 862 2227 1023 2265; x_wconf 85' lang='lat' dir='ltr'><strong>facinora</strong></span> <span class='ocrx_word' id='word_1_279' title='bbox 1049 2228 1284 2274; x_wconf 86' lang='lat' dir='ltr'><strong>narrantium,</strong></span> <span class='ocrx_word' id='word_1_280' title='bbox 1312 2240 1386 2266; x_wconf 93' lang='lat' dir='ltr'><strong>non</strong></span> <span class='ocrx_word' id='word_1_281' title='bbox 1414 2228 1528 2266; x_wconf 88' lang='lat' dir='ltr'><strong>solum</strong></span> <span class='ocrx_word' id='word_1_282' title='bbox 1556 2228 1702 2267; x_wconf 78' lang='lat' dir='ltr'><strong>Graecis</strong></span> <span class='ocrx_word' id='word_1_283' title='bbox 1728 2227 1915 2279; x_wconf 77' lang='lat' dir='ltr'><strong>illorum²)‚</strong></span> <span class='ocrx_word' id='word_1_284' title='bbox 1956 2229 2017 2267; x_wconf 88' lang='lat' dir='ltr'><strong>sed</strong></span> <span class='ocrx_word' id='word_1_285' title='bbox 2058 2231 2163 2268; x_wconf 88' lang='lat' dir='ltr'><strong>etiam</strong></span> <span class='ocrx_word' id='word_1_286' title='bbox 2192 2230 2309 2280; x_wconf 85' lang='lat' dir='ltr'><strong>poetis</strong></span> 
     </span>
     <span class='ocr_line' id='line_1_26' title="bbox 154 2289 2308 2337; baseline 0 -10"><span class='ocrx_word' id='word_1_287' title='bbox 154 2289 422 2337; x_wconf 86' lang='lat' dir='ltr'><strong>artificibusque</strong></span> <span class='ocrx_word' id='word_1_288' title='bbox 448 2290 610 2325; x_wconf 90' lang='lat' dir='ltr'><strong>omnium</strong></span> <span class='ocrx_word' id='word_1_289' title='bbox 637 2292 836 2335; x_wconf 88' lang='lat' dir='ltr'><strong>temporum</strong></span> <span class='ocrx_word' id='word_1_290' title='bbox 863 2289 1049 2324; x_wconf 87' lang='lat' dir='ltr'><strong>materiam</strong></span> <span class='ocrx_word' id='word_1_291' title='bbox 1077 2299 1195 2324; x_wconf 90' lang='lat' dir='ltr'><strong>rerum</strong></span> <span class='ocrx_word' id='word_1_292' title='bbox 1231 2289 1440 2336; x_wconf 86' lang='lat' dir='ltr'><strong>copiamque</strong></span> <span class='ocrx_word' id='word_1_293' title='bbox 1467 2289 1684 2324; x_wconf 87' lang='lat' dir='ltr'><strong>uberrimam</strong></span> <span class='ocrx_word' id='word_1_294' title='bbox 1711 2291 1953 2337; x_wconf 86' lang='lat' dir='ltr'><strong>praebuerunt</strong></span> <span class='ocrx_word' id='word_1_295' title='bbox 1988 2294 2095 2337; x_wconf 86' lang='lat' dir='ltr'><strong>atque</strong></span> <span class='ocrx_word' id='word_1_296' title='bbox 2121 2302 2223 2327; x_wconf 88' lang='lat' dir='ltr'><strong>amor</strong></span> <span class='ocrx_word' id='word_1_297' title='bbox 2248 2290 2308 2328; x_wconf 87' lang='lat' dir='ltr'><strong>ille</strong></span> 
     </span>
     <span class='ocr_line' id='line_1_27' title="bbox 153 2344 2306 2398; baseline 0 -11"><span class='ocrx_word' id='word_1_298' title='bbox 153 2352 190 2387; x_wconf 89' lang='lat' dir='ltr'><strong>et</strong></span> <span class='ocrx_word' id='word_1_299' title='bbox 214 2360 341 2387; x_wconf 88' lang='lat' dir='ltr'><strong>sensus</strong></span> <span class='ocrx_word' id='word_1_300' title='bbox 368 2344 566 2396; x_wconf 80' lang='lat' dir='ltr'><strong>elegantiae</strong></span> <span class='ocrx_word' id='word_1_301' title='bbox 597 2348 874 2395; x_wconf 89' lang='lat' dir='ltr'><strong>venustatisque,</strong></span> <span class='ocrx_word' id='word_1_302' title='bbox 903 2359 1008 2395; x_wconf 91' lang='lat' dir='ltr'><strong>quem</strong></span> <span class='ocrx_word' id='word_1_303' title='bbox 1036 2348 1182 2384; x_wconf 89' lang='lat' dir='ltr'><strong>Homeri</strong></span> <span class='ocrx_word' id='word_1_304' title='bbox 1209 2348 1369 2384; x_wconf 83' lang='lat' dir='ltr'><strong>carmina</strong></span> <span class='ocrx_word' id='word_1_305' title='bbox 1400 2348 1532 2395; x_wconf 90' lang='lat' dir='ltr'><strong>ubique</strong></span> <span class='ocrx_word' id='word_1_306' title='bbox 1575 2360 1661 2395; x_wconf 87' lang='lat' dir='ltr'><strong>prae</strong></span> <span class='ocrx_word' id='word_1_307' title='bbox 1687 2360 1725 2386; x_wconf 86' lang='lat' dir='ltr'><strong>se</strong></span> <span class='ocrx_word' id='word_1_308' title='bbox 1768 2349 1896 2393; x_wconf 82' lang='lat' dir='ltr'><strong>ferunt,</strong></span> <span class='ocrx_word' id='word_1_309' title='bbox 1924 2348 1998 2386; x_wconf 80' lang='lat' dir='ltr'><strong>fere</strong></span> <span class='ocrx_word' id='word_1_310' title='bbox 2024 2361 2165 2398; x_wconf 89' lang='lat' dir='ltr'><strong>semper</strong></span> <span class='ocrx_word' id='word_1_311' title='bbox 2190 2361 2306 2387; x_wconf 86' lang='lat' dir='ltr'><strong>exem·</strong></span> 
     </span>
     <span class='ocr_line' id='line_1_28' title="bbox 152 2406 2306 2458; baseline 0.001 -13"><span class='ocrx_word' id='word_1_312' title='bbox 152 2409 262 2458; x_wconf 86' lang='lat' dir='ltr'><strong>plum,</strong></span> <span class='ocrx_word' id='word_1_313' title='bbox 304 2409 348 2445; x_wconf 85' lang='lat' dir='ltr'><strong>ad</strong></span> <span class='ocrx_word' id='word_1_314' title='bbox 388 2408 601 2445; x_wconf 88' lang='lat' dir='ltr'><strong>imitandum</strong></span> <span class='ocrx_word' id='word_1_315' title='bbox 641 2406 862 2456; x_wconf 88' lang='lat' dir='ltr'><strong>propositum</strong></span> <span class='ocrx_word' id='word_1_316' title='bbox 898 2418 975 2444; x_wconf 90' lang='lat' dir='ltr'><strong>esse</strong></span> <span class='ocrx_word' id='word_1_317' title='bbox 1002 2408 1198 2444; x_wconf 89' lang='lat' dir='ltr'><strong>videbatur.</strong></span> <span class='ocrx_word' id='word_1_318' title='bbox 1251 2409 1283 2443; x_wconf 91' lang='lat' dir='ltr'>A</span> <span class='ocrx_word' id='word_1_319' title='bbox 1310 2407 1468 2455; x_wconf 85' lang='lat' dir='ltr'><strong>Vergilio</strong></span> <span class='ocrx_word' id='word_1_320' title='bbox 1508 2418 1620 2455; x_wconf 88' lang='lat' dir='ltr'><strong>usque</strong></span> <span class='ocrx_word' id='word_1_321' title='bbox 1660 2409 1704 2444; x_wconf 91' lang='lat' dir='ltr'><strong>ad</strong></span> <span class='ocrx_word' id='word_1_322' title='bbox 1731 2408 1871 2451; x_wconf 85' lang='lat' dir='ltr'><strong>Milton,</strong></span> <span class='ocrx_word' id='word_1_323' title='bbox 1913 2408 2115 2456; x_wconf 82' lang='lat' dir='ltr'><strong>Klopstock,</strong></span> <span class='ocrx_word' id='word_1_324' title='bbox 2145 2409 2306 2455; x_wconf 88' lang='lat' dir='ltr'><strong>Schiller,</strong></span> 
     </span>
    </p>
   </div>
   <div class='ocr_carea' id='block_1_5' title="bbox 154 2513 2309 2847">
    <p class='ocr_par' dir='ltr' id='par_1_7' title="bbox 154 2513 2306 2643">
     <span class='ocr_line' id='line_1_29' title="bbox 304 2513 2306 2574; baseline 0.003 -17"><span class='ocrx_word' id='word_1_325' title='bbox 304 2518 336 2568; x_wconf 87' lang='lat'><strong>¹)</strong></span> <span class='ocrx_word' id='word_1_326' title='bbox 366 2518 534 2557; x_wconf 88' lang='lat' dir='ltr'><strong>Herodot.</strong></span> <span class='ocrx_word' id='word_1_327' title='bbox 562 2517 608 2562; x_wconf 89' lang='lat' dir='ltr'><strong>H,</strong></span> <span class='ocrx_word' id='word_1_328' title='bbox 638 2518 706 2556; x_wconf 85' lang='lat'><strong>53:</strong></span> <span class='ocrx_word' id='word_1_329' title='bbox 736 2513 838 2560; x_wconf 74' lang='grc' dir='ltr'>οὗτοι</span> <span class='ocrx_word' id='word_1_330' title='bbox 865 2519 902 2559; x_wconf 83' lang='grc' dir='ltr'><strong>δέ</strong></span> <span class='ocrx_word' id='word_1_331' title='bbox 933 2520 998 2558; x_wconf 77' lang='grc' dir='ltr'>εἰσι</span> <span class='ocrx_word' id='word_1_332' title='bbox 1020 2521 1053 2556; x_wconf 85' lang='grc' dir='ltr'><strong>οὶ</strong></span> <span class='ocrx_word' id='word_1_333' title='bbox 1076 2515 1287 2565; x_wconf 70' lang='grc' dir='ltr'>ποιήσαντες</span> <span class='ocrx_word' id='word_1_334' title='bbox 1308 2515 1675 2572; x_wconf 67' lang='grc' dir='ltr'><strong>θεογονίην”Ελλησι</strong></span> <span class='ocrx_word' id='word_1_335' title='bbox 1690 2521 1747 2559; x_wconf 77' lang='grc' dir='ltr'><strong>καὶ</strong></span> <span class='ocrx_word' id='word_1_336' title='bbox 1769 2525 1867 2561; x_wconf 85' lang='grc' dir='ltr'>τοῖσι</span> <span class='ocrx_word' id='word_1_337' title='bbox 1887 2525 2005 2560; x_wconf 65' lang='grc' dir='ltr'>θεοῖσι</span> <span class='ocrx_word' id='word_1_338' title='bbox 2025 2521 2090 2567; x_wconf 77' lang='grc' dir='ltr'><strong>τὰς</strong></span> <span class='ocrx_word' id='word_1_339' title='bbox 2108 2518 2306 2574; x_wconf 73' lang='grc' dir='ltr'><strong>ἐπωνυμίας</strong></span> 
     </span>
     <span class='ocr_line' id='line_1_30' title="bbox 154 2582 1647 2643; baseline -0.003 -12"><span class='ocrx_word' id='word_1_340' title='bbox 154 2590 283 2638; x_wconf 78' lang='grc' dir='ltr'><strong>δόντες</strong></span> <span class='ocrx_word' id='word_1_341' title='bbox 308 2592 366 2630; x_wconf 73' lang='grc' dir='ltr'><strong>καὶ</strong></span> <span class='ocrx_word' id='word_1_342' title='bbox 395 2589 499 2643; x_wconf 69' lang='grc' dir='ltr'><strong>τιμάς</strong></span> <span class='ocrx_word' id='word_1_343' title='bbox 528 2604 573 2631; x_wconf 81' lang='grc' dir='ltr'><strong>τε</strong></span> <span class='ocrx_word' id='word_1_344' title='bbox 601 2590 659 2628; x_wconf 70' lang='grc' dir='ltr'><strong>καὶ</strong></span> <span class='ocrx_word' id='word_1_345' title='bbox 688 2587 817 2638; x_wconf 72' lang='grc' dir='ltr'><strong>τέχνας</strong></span> <span class='ocrx_word' id='word_1_346' title='bbox 846 2583 1024 2632; x_wconf 69' lang='grc' dir='ltr'>διελόντες</span> <span class='ocrx_word' id='word_1_347' title='bbox 1053 2587 1111 2625; x_wconf 74' lang='grc' dir='ltr'><strong>καὶ</strong></span> <span class='ocrx_word' id='word_1_348' title='bbox 1141 2586 1237 2625; x_wconf 82' lang='grc' dir='ltr'><em>εἴδεα,</em></span> <span class='ocrx_word' id='word_1_349' title='bbox 1266 2582 1386 2626; x_wconf 61' lang='lat' dir='ltr'><strong>au&#39;wiv</strong></span> <span class='ocrx_word' id='word_1_350' title='bbox 1417 2585 1647 2639; x_wconf 73' lang='grc' dir='ltr'>σημήναντες.</span> 
     </span>
    </p>

    <p class='ocr_par' dir='ltr' id='par_1_8' title="bbox 154 2651 2309 2847">
     <span class='ocr_line' id='line_1_31' title="bbox 306 2651 2307 2713; baseline 0.001 -19"><span class='ocrx_word' id='word_1_351' title='bbox 306 2655 339 2710; x_wconf 78' lang='lat'><strong>²)</strong></span> <span class='ocrx_word' id='word_1_352' title='bbox 365 2656 517 2706; x_wconf 83' lang='lat' dir='ltr'><strong>Dionys.</strong></span> <span class='ocrx_word' id='word_1_353' title='bbox 545 2656 733 2706; x_wconf 79' lang='lat' dir='ltr'><strong>Longinus</strong></span> <span class='ocrx_word' id='word_1_354' title='bbox 759 2657 853 2713; x_wconf 74' lang='grc' dir='ltr'>(περὶ</span> <span class='ocrx_word' id='word_1_355' title='bbox 882 2651 994 2708; x_wconf 71' lang='grc' dir='ltr'>ὕψους</span> <span class='ocrx_word' id='word_1_356' title='bbox 1023 2651 1122 2697; x_wconf 83' lang='grc' dir='ltr'>ΧΠῙ,</span> <span class='ocrx_word' id='word_1_357' title='bbox 1152 2651 1209 2700; x_wconf 82' lang='lat'><strong>7):</strong></span> <span class='ocrx_word' id='word_1_358' title='bbox 1244 2653 1441 2707; x_wconf 78' lang='grc' dir='ltr'>Ἡρόδοτος</span> <span class='ocrx_word' id='word_1_359' title='bbox 1469 2655 1762 2711; x_wconf 77' lang='grc' dir='ltr'>Ὁμηριιώτατος</span> <span class='ocrx_word' id='word_1_360' title='bbox 1797 2652 1951 2710; x_wconf 72' lang='grc' dir='ltr'><strong>ἐγένετο,</strong></span> <span class='ocrx_word' id='word_1_361' title='bbox 1993 2659 2213 2713; x_wconf 69' lang='grc' dir='ltr'>Στεσίχορος</span> <span class='ocrx_word' id='word_1_362' title='bbox 2254 2654 2307 2696; x_wconf 72' lang='grc' dir='ltr'><strong>ἔτι</strong></span> 
     </span>
     <span class='ocr_line' id='line_1_32' title="bbox 154 2720 2306 2781; baseline -0 -15"><span class='ocrx_word' id='word_1_363' title='bbox 154 2723 324 2780; x_wconf 74' lang='grc' dir='ltr'><strong>πρότερον</strong></span> <span class='ocrx_word' id='word_1_364' title='bbox 354 2721 374 2764; x_wconf 80' lang='grc' dir='ltr'><strong><em>ὅ</em></strong></span> <span class='ocrx_word' id='word_1_365' title='bbox 419 2740 457 2765; x_wconf 82' lang='grc' dir='ltr'><strong>τε</strong></span> <span class='ocrx_word' id='word_1_366' title='bbox 497 2722 732 2781; x_wconf 72' lang='grc' dir='ltr'>Ἀρχίλοχος,</span> <span class='ocrx_word' id='word_1_367' title='bbox 775 2722 926 2765; x_wconf 73' lang='grc' dir='ltr'><strong><em>πάντωτ</em></strong></span> <span class='ocrx_word' id='word_1_368' title='bbox 967 2721 1005 2764; x_wconf 75' lang='grc' dir='ltr'><strong>δὲ</strong></span> <span class='ocrx_word' id='word_1_369' title='bbox 1046 2724 1185 2764; x_wconf 78' lang='grc' dir='ltr'><strong>τούτων</strong></span> <span class='ocrx_word' id='word_1_370' title='bbox 1228 2721 1389 2775; x_wconf 75' lang='grc' dir='ltr'>μάλιστα.</span> <span class='ocrx_word' id='word_1_371' title='bbox 1428 2725 1447 2778; x_wconf 68' lang='grc' dir='ltr'>ᾇ</span> <span class='ocrx_word' id='word_1_372' title='bbox 1482 2723 1638 2763; x_wconf 77' lang='grc' dir='ltr'>Πλάτων</span> <span class='ocrx_word' id='word_1_373' title='bbox 1676 2720 1747 2762; x_wconf 60' lang='lat' dir='ltr'><strong>eiad</strong></span> <span class='ocrx_word' id='word_1_374' title='bbox 1776 2722 1844 2763; x_wconf 69' lang='grc' dir='ltr'><strong>τοῦ</strong></span> <span class='ocrx_word' id='word_1_375' title='bbox 1870 2724 2042 2780; x_wconf 76' lang='grc' dir='ltr'>ὀμηριιοῦ</span> <span class='ocrx_word' id='word_1_376' title='bbox 2069 2722 2228 2777; x_wconf 72' lang='grc' dir='ltr'>νάματος</span> <span class='ocrx_word' id='word_1_377' title='bbox 2257 2727 2306 2772; x_wconf 73' lang='grc' dir='ltr'><strong>εἰς</strong></span> 
     </span>
     <span class='ocr_line' id='line_1_33' title="bbox 154 2788 2309 2847; baseline 0 -15"><span class='ocrx_word' id='word_1_378' title='bbox 154 2790 264 2832; x_wconf 75' lang='grc' dir='ltr'><strong><em>αῧτδτ</em></strong></span> <span class='ocrx_word' id='word_1_379' title='bbox 295 2793 418 2846; x_wconf 83' lang='grc' dir='ltr'><strong>μυρίας</strong></span> <span class='ocrx_word' id='word_1_380' title='bbox 448 2788 536 2838; x_wconf 74' lang='grc' dir='ltr'>ὅσας</span> <span class='ocrx_word' id='word_1_381' title='bbox 570 2788 799 2847; x_wconf 59' lang='lat' dir='ltr'><strong>crepat-ponde</strong></span> <span class='ocrx_word' id='word_1_382' title='bbox 829 2789 1156 2842; x_wconf 72' lang='grc' dir='ltr'><strong>οἶποτειχισοίμενος.</strong></span> <span class='ocrx_word' id='word_1_383' title='bbox 1188 2814 1234 2820; x_wconf 82' lang='lat'>—</span> <span class='ocrx_word' id='word_1_384' title='bbox 1269 2795 1451 2844; x_wconf 86' lang='lat' dir='ltr'><strong>Imprimis</strong></span> <span class='ocrx_word' id='word_1_385' title='bbox 1478 2799 1595 2832; x_wconf 78' lang='lat' dir='ltr'><strong>autem</strong></span> <span class='ocrx_word' id='word_1_386' title='bbox 1623 2794 1658 2831; x_wconf 90' lang='lat' dir='ltr'><strong>in</strong></span> <span class='ocrx_word' id='word_1_387' title='bbox 1680 2794 1825 2842; x_wconf 77' lang='lat' dir='ltr'><strong>tragicis</strong></span> <span class='ocrx_word' id='word_1_388' title='bbox 1842 2794 1956 2842; x_wconf 83' lang='lat' dir='ltr'><strong>poetis</strong></span> <span class='ocrx_word' id='word_1_389' title='bbox 1973 2795 2120 2832; x_wconf 84' lang='lat' dir='ltr'><strong>Homeri</strong></span> <span class='ocrx_word' id='word_1_390' title='bbox 2142 2792 2309 2832; x_wconf 70' lang='lat' dir='ltr'><strong>imitandi</strong></span> 
     </span>
    </p>
   </div>
   <div class='ocr_carea' id='block_1_6' title="bbox 154 2857 2101 2935">
    <p class='ocr_par' dir='ltr' id='par_1_9' title="bbox 154 2857 2101 2935">
     <span class='ocr_line' id='line_1_34' title="bbox 154 2857 2101 2935; baseline -0.002 -38"><span class='ocrx_word' id='word_1_391' title='bbox 154 2857 311 2897; x_wconf 81' lang='lat' dir='ltr'><strong>studium</strong></span> <span class='ocrx_word' id='word_1_392' title='bbox 338 2869 359 2895; x_wconf 85' lang='lat' dir='ltr'><strong>a</strong></span> <span class='ocrx_word' id='word_1_393' title='bbox 386 2859 564 2897; x_wconf 87' lang='lat' dir='ltr'><strong>veteribus</strong></span> <span class='ocrx_word' id='word_1_394' title='bbox 590 2860 785 2908; x_wconf 87' lang='lat' dir='ltr'><strong>cognitum.</strong></span> <span class='ocrx_word' id='word_1_395' title='bbox 813 2859 877 2897; x_wconf 88' lang='lat' dir='ltr'><strong>cfr.</strong></span> <span class='ocrx_word' id='word_1_396' title='bbox 904 2859 1166 2907; x_wconf 84' lang='lat' dir='ltr'><strong>Aristophanes</strong></span> <span class='ocrx_word' id='word_1_397' title='bbox 1183 2858 1307 2896; x_wconf 84' lang='lat' dir='ltr'><strong>Ranae</strong></span> <span class='ocrx_word' id='word_1_398' title='bbox 1331 2871 1364 2895; x_wconf 93' lang='lat' dir='ltr'><strong>v.</strong></span> <span class='ocrx_word' id='word_1_399' title='bbox 1394 2858 1502 2897; x_wconf 85' lang='lat'>1034.</span> <span class='ocrx_word' id='word_1_400' title='bbox 2086 2905 2101 2935; x_wconf 95' lang='lat'>1</span> 
     </span>
    </p>
   </div>
  </div>
 </body>
</html>
