2535 3077
310 233 312 235 Ι
344 179 475 237 μυί*-
493 151 809 233 ,ingenii—humani
845 181 960 227 flores,
988 180 1218 231 mythorum,
1250 184 1290 219 ut
1314 191 1444 230 graeco
1469 182 1553 217 utar
1595 179 1713 223 verbo,
1756 178 1821 215 illa
1844 178 1947 227 copia
1975 181 2097 215 coorta
2121 180 2187 215 est.
2241 175 2310 224 Qui

137 266 144 273 -
210 236 221 244 ”
240 241 272 250 '¹
295 229 400 285 aive
417 230 471 297 '9'ss
493 238 680 283 dsoe'sive
705 242 752 280 ad
768 241 936 280 homines
950 243 1091 279 tantum
1105 241 1298 290 pertinent,
1324 250 1466 289 semper
1491 239 1771 288 imaginationis,
1798 242 1838 276 ut
1862 239 1914 276 ita
1938 238 2066 283 dicam,
2096 238 2130 275 vi
2155 238 2308 287 postoris

14 275 114 361 „gf
132 303 347 345 moriae
369 303 492 357 traditi
518 306 614 345 sunt.
650 302 764 351 ‚Quae
789 302 843 341 vis
868 302 908 341 in
922 300 1062 352 mythis
1089 301 1135 340 ad
1160 302 1245 340 deos
1271 301 1515 351 spectantibus
1540 311 1624 339 cum
1649 299 1744 338 ultra
1770 299 1916 338 modum
1944 298 2157 338 hominibus
2181 298 2315 338 consti·

64 359 80 402 ἶ
116 377 129 400 ,·
148 366 274 403 tntum·
285 363 487 412 egreditur,
512 374 650 400 numen
675 363 837 400 divinum
862 365 993 399 natura
1017 362 1160 410 vitaque
1200 362 1387 399 hominum
1413 365 1577 398 accurate
1602 364 1797 408 perspecta,
1826 364 1866 397 ut
1891 361 2004 397 menti
2032 359 2243 403 satisfaciat,
2270 360 2310 401 in

144 422 343 472 permultas
358 422 494 461 dividit
520 432 703 472 personas,
733 422 848 470 iisque
874 422 1004 460 divinis
1030 422 1203 471 personis,
1247 422 1309 470 qui
1352 425 1482 460 natura
1523 421 1599 459 fere
1642 420 1802 458 humana
1828 424 1987 466 utuntur,
2035 420 2209 470 plurimas
2251 431 2308 457 res

150 485 277 532 gestas
292 482 459 531 ·affingit;
486 483 518 520 si
543 482 659 531 mythi
686 483 731 519 de
757 483 864 520 rebus
889 482 1059 520 humanis
1086 487 1209 530 agunt,
1237 482 1361 519 eadem
1388 483 1452 526 vis,
1485 482 1547 519 ubi
1574 482 1732 529 primum
1758 492 1849 528 gens
1876 481 1996 528 aliqua
2022 492 2080 519 res
2110 493 2132 518 a
2159 481 2244 519 viris
2269 481 2314 518 de

137 552 189 580 se
215 541 351 581 moritis
377 545 498 591 gestas
522 541 698 582 memoria
724 544 845 579 tenere
870 541 1006 589 incipit,
1034 541 1072 578 in
1099 542 1204 579 rebus
1239 541 1327 590 ipsis
1353 541 1595 590 propagandis
1621 543 1657 578 et
1681 540 1932 588 confingendis
1959 541 2114 577 maxime
2140 541 2239 589 viget
2263 544 2310 584 et,

150 605 337 650 tamquam
363 602 503 640 veritati
529 602 703 640 inservire
730 601 844 646 vellet,
873 605 1003 638 temere
1046 613 1102 639 res
1147 602 1248 639 fictas
1287 602 1392 639 rebus
1436 602 1506 639 fide
1533 601 1704 639 historica
1745 601 1984 649 compi-abatis
2029 601 2161 649 adjicit.
2214 600 2313 637 Haec

150 660 422 709 imaginationis
448 662 501 699 vis
528 666 647 699 autem
686 661 795 698 etiam
833 661 1026 708 unicuique
1060 661 1126 698 deo
1160 661 1343 698 hominive
1378 664 1512 698 certam
1542 661 1725 708 quandam
1753 665 1789 697 et
1831 664 1980 698 naturae
2023 671 2145 697 eorum
2189 663 2312 708 aptam

151 722 305 771 speciem
332 721 566 771 habitumque
609 722 780 771 praebere
807 721 892 765 vult,
929 721 965 759 id
1004 721 1096 770 quod
1124 722 1257 771 optime
1283 721 1401 767 efficit,
1441 734 1522 759 cum
1557 721 1752 772 complura,
1792 732 1883 770 quae
1910 732 2032 758 eorum
2058 720 2202 769 propria
2227 720 2311 765 sint,

110 812 112 814 -
154 782 300 831 deligat,
327 787 363 821 et
387 784 432 821 iis
458 784 532 820 fere
557 783 642 821 solis
668 783 849 827 attribuat,
877 786 912 819 et
937 783 1079 830 ubique,
1107 783 1215 819 etiam
1241 782 1327 819 locis
1350 783 1499 819 minime
1526 783 1618 830 aptis
1644 782 1793 830 epitheti
1821 782 1937 818 brevis
1965 793 2030 818 usu
2058 782 2211 819 addicat.

302 853 380 901 Qua
417 853 455 891 in
500 863 539 891 re
565 853 761 890 Homerum
788 862 930 901 quoque
956 851 1162 901 mythorum
1201 852 1343 890 illorum
1383 852 1705 890 vetustissimorum
1744 853 1947 890 auctoribus
1986 862 2188 889 connexum
2228 861 2307 891 esse

149 924 283 961 magno
309 924 458 950 numero
498 913 738 961 epithetorum
773 913 980 949 ornantium
1007 913 1082 960 ejus
1109 913 1384 950 demonstratur.
1438 913 1539 958 Quod
1565 913 1669 949 facile
1687 913 1900 960 intelligitur
1926 924 2042 959 neque
2066 913 2312 950 auctoritatem

150 974 435 1022 gravitatemque
460 974 607 1010 Homeri
634 973 705 1010 ullo
733 973 838 1009 modo
865 972 1027 1009 minuere
1054 976 1179 1020 potest.
1232 973 1329 1009 Nam
1354 984 1436 1009 cum
1458 973 1535 1020 jam
1570 976 1655 1009 ante
1681 973 1757 1020 ejus
1784 978 1937 1010 aetatem
1965 980 2089 1022 poetae
2114 974 2204 1022 epici
2231 984 2309 1010 car-

149 1034 319 1081 minaque
344 1034 487 1071 heroica
513 1034 665 1071 fuissent
691 1033 902 1080 dicendique
942 1044 1056 1080 genus
1097 1045 1118 1069 a
1144 1033 1320 1080 prioribus
1360 1033 1472 1080 poetis
1500 1033 1671 1069 traditum
1715 1038 1750 1070 et
1793 1034 1975 1081 proprium
2022 1034 2136 1081 poesis
2190 1035 2311 1082 epicae

146 1093 340 1130 formatum
366 1097 460 1130 esset
486 1097 593 1140 atque
618 1104 700 1129 cum
726 1092 868 1129 dicendi
894 1103 1009 1140 genus
1036 1092 1074 1128 in
1100 1093 1318 1129 carminibus
1337 1093 1458 1140 epicis,
1487 1092 1582 1139 quod
1610 1092 1725 1139 mythi
1754 1096 1840 1129 ante
1867 1094 1990 1129 omnia
2017 1094 2063 1130 iis
2081 1094 2312 1131 continentur

149 1153 373 1191 constantius
412 1152 514 1200 quasi
555 1155 590 1189 et
617 1152 734 1200 magis
779 1152 961 1189 assiduum
1005 1163 1112 1200 quam
1158 1152 1307 1188 aliorum
1350 1152 1552 1189 carminum
1579 1162 1657 1189 esse
1683 1151 1837 1196 deberet,
1883 1153 1960 1201 ipse
2003 1157 2106 1200 poeta
2154 1154 2310 1191 maxime

153 1215 363 1264 ingeniosus
388 1227 409 1251 a
435 1215 647 1262 quibusdam
689 1213 786 1262 vulgi
814 1214 965 1262 propriis
1005 1217 1040 1250 et
1066 1213 1191 1261 priscis
1235 1214 1321 1250 artis
1347 1213 1505 1261 poeticae
1548 1213 1663 1249 modis
1690 1213 1777 1250 solvi
1822 1225 1896 1251 non
1922 1218 2046 1262 potest,
2091 1226 2311 1262 quamquam

152 1274 371 1312 carminibus
411 1275 485 1311 suis
512 1274 555 1310 ad
592 1285 775 1311 summum
802 1273 1002 1321 elegantiae
1028 1273 1177 1320 gradum
1206 1273 1378 1320 pervenit.
1407 1273 1455 1309 Et
1480 1273 1517 1309 in
1545 1272 1603 1309 his
1629 1274 1716 1321 ipsis
1747 1275 1854 1310 rebus
1892 1274 2088 1311 retinendis
2114 1274 2212 1311 haud
2239 1276 2311 1312 scio

153 1346 199 1372 an
229 1330 419 1372 auctoritas
446 1337 482 1372 et
508 1334 666 1383 gravitas
692 1333 842 1371 Homeri
875 1334 990 1382 posita
1017 1333 1072 1371 sit.
1101 1333 1218 1371 Etiam
1246 1332 1304 1370 hic
1331 1333 1505 1371 naturalis
1533 1338 1587 1371 est
1613 1338 1647 1370 et
1673 1332 1833 1382 simplex,
1860 1344 1942 1370 cum
1969 1333 2185 1383 Vergilius¹)
2211 1335 2312 1373 cuius

154 1395 286 1432 Aeneis
313 1394 530 1432 conscientia
556 1394 676 1443 populi
714 1398 748 1431 et
775 1394 866 1431 vitae
893 1394 1054 1441 publicae
1091 1405 1165 1431 non
1191 1395 1337 1436 nitatur,
1377 1395 1414 1432 in
1442 1394 1607 1442 epithetis
1634 1394 1810 1443 ponendis
1848 1395 2055 1442 saepissime
2094 1395 2210 1433 facere
2236 1407 2311 1434 non

152 1455 274 1503 possit,
302 1454 389 1502 quin
416 1455 566 1491 nimiam
596 1454 766 1492 adhibeat
791 1457 902 1491 artem
931 1465 972 1491 ac
999 1454 1232 1502 diligentiam.
1286 1454 1363 1491 Nos
1389 1454 1456 1502 ipsi
1477 1454 1553 1501 jam
1573 1465 1658 1502 sape
1676 1454 1715 1491 in
1729 1453 1797 1490 hac
1825 1457 1947 1491 nostra
1974 1455 2102 1502 exigua
2121 1455 2305 1493 Saxonum

154 1517 263 1562 gente
288 1514 453 1551 vidimus.
480 1513 719 1551 dfficillimum
745 1525 834 1559 esse,
876 1525 933 1551 res
974 1514 1013 1551 in
1039 1514 1145 1562 vulgo
1180 1514 1256 1562 ipso
1292 1517 1388 1551 ortas
1415 1526 1579 1551 sermone
1605 1518 1641 1551 et
1666 1514 1825 1551 numeris
1864 1515 1909 1551 ab
1936 1514 1995 1550 illo
2022 1515 2177 1553 inventis
2215 1517 2307 1553 satis

153 1574 337 1622 eleganter
363 1577 397 1611 et
423 1574 618 1611 secundum
645 1575 733 1612 artis
777 1577 964 1622 praecepta
990 1574 1179 1611 desribere.
1234 1574 1347 1621 Quam
1392 1575 1437 1610 ob
1481 1586 1626 1611 causam
1671 1575 1797 1622 quanti
1825 1574 2021 1611 Homerum
2065 1576 2308 1613 astimandum

152 1634 307 1683 putabis,
336 1634 397 1682 qui
423 1645 504 1671 cum
531 1637 566 1671 et
592 1634 678 1672 artis
705 1634 803 1683 leges
830 1638 864 1671 et
891 1646 912 1670 a
937 1635 1095 1682 priorum
1114 1638 1297 1682 poetarum
1325 1635 1475 1672 saeculis
1502 1636 1672 1672 traditum
1688 1635 1834 1671 modum
1852 1638 2031 1681 sequatur,
2060 1639 2181 1672 tamen
2207 1636 2310 1673 nullo

154 1694 258 1731 modo
285 1694 426 1742 ineptus
453 1697 488 1730 et
513 1693 733 1742 longinquus
759 1704 837 1731 esse
864 1694 1050 1730 videatur?

305 1764 357 1800 Ac
384 1764 572 1811 praecipue
598 1764 754 1812 epitheta
794 1777 816 1801 a
855 1765 967 1802 doctis
1012 1766 1094 1802 viris
1136 1766 1289 1801 maxime
1329 1766 1575 1803 demonstrare
1614 1769 1796 1814 putantur,
1842 1767 1976 1814 poesim
2005 1767 2149 1805 Homeri
2192 1770 2315 1808 multis

154 1822 308 1861 saeculis
335 1827 415 1871 post
442 1822 587 1871 mythos
612 1823 702 1869 illos,
730 1824 774 1861 de
800 1824 929 1872 quibus
969 1836 1078 1873 supra
1103 1824 1268 1870 diximus,
1308 1825 1478 1862 confictos
1517 1829 1633 1862 ortam
1650 1831 1749 1863 esse,
1802 1826 1898 1863 Nam
1939 1830 1978 1864 ut
2016 1829 2308 1875 praetermittam,

154 1884 317 1932 pluribus
343 1883 429 1920 locis
457 1883 608 1920 aliorum
634 1884 840 1932 mythorum
881 1885 1099 1922 mentionem
1125 1886 1213 1930 fieri,
1258 1887 1318 1933 qui
1362 1897 1443 1923 cum
1469 1886 1611 1931 tabulis,
1656 1887 1786 1934 quibus
1831 1891 2082 1935 argumentum
2110 1887 2233 1926 Iliadis
2277 1894 2313 1927 et

154 1943 336 1991 Odysseae
362 1943 575 1988 continetur,
602 1943 700 1980 nullo
727 1944 831 1980 modo
858 1944 1050 1981 cohaerent
1076 1946 1194 1992 itaque
1215 1946 1292 1993 jam
1319 1949 1424 1982 antea
1450 1947 1517 1982 orti
1545 1957 1623 1983 esse
1645 1946 1811 1995 debent2)
1838 1947 1946 1983 etiam
1973 1947 2127 1994 plurima
2152 1949 2311 1996 epitheta

153 2003 323 2041 ornantia
343 2003 420 2050 jam
447 2003 485 2040 in
512 2003 731 2041 carminibus
757 2008 841 2041 ante
865 2005 1062 2042 Homerum
1089 2006 1292 2053 compositis
1318 2006 1429 2043 fuisse
1455 2018 1601 2044 necesse
1627 2010 1691 2049 est,
1719 2007 1877 2054 epitheta
1909 2018 1983 2044 non
2010 2008 2125 2045 solnm
2152 2009 2312 2055 deorum,

153 2063 218 2101 sed
243 2063 350 2100 etiam
378 2062 615 2111 plurimorum
640 2063 801 2101 heroum.
857 2064 904 2109 Si,
945 2069 984 2102 ut
1019 2064 1087 2102 hoc
1112 2066 1273 2114 exemplo
1307 2071 1397 2111 utar,
1426 2066 1553 2114 Apollo
1581 2066 1639 2115 (Il.
1667 2066 1709 2112 1.‚
1738 2067 1801 2115 37)
1830 2066 2067 2121 ἀργυρότοξος
2094 2070 2312 2116 nominatur,

153 2123 222 2161 hoc
248 2126 303 2161 est
322 2123 398 2170 jam
426 2135 447 2160 a
472 2124 650 2171 prioribus
675 2125 789 2172 poetis
824 2125 888 2162 deo
916 2126 966 2163 illi
999 2127 1175 2174 adjectum
1202 2127 1399 2171 epithet0n;
1440 2127 1620 2175 similique
1646 2128 1784 2165 ratione
1806 2129 2002 2176 judicanda
2041 2134 2127 2168 sunt
2152 2131 2313 2179 epitheta

155 2182 218 2220 illa
243 2182 420 2220 Aurorae:
462 2182 647 2238 ἠριγένεια,
665 2183 919 2238 κροκόπεπλος,
937 2188 1209 2240 ῥοδοδάκτυλος,
1240 2190 1508 2244 φαισὶμβροτος,
1538 2186 1798 2244 χρυρὸθρονος,
1832 2187 2005 2243 ἐΰθρονος
2025 2190 2113 2236 alia;
2132 2192 2311 2240 prioribus

153 2243 254 2280 enim
279 2243 497 2290 temporibus
522 2255 698 2291 personae
723 2246 872 2283 deorum
899 2249 1097 2285 accuratius
1123 2249 1425 2285 describebantur.
1480 2249 1713 2296 Singulorum
1753 2253 1872 2286 autem
1899 2251 2049 2287 heroum
2077 2252 2309 2299 virorumque

154 2303 301 2341 fortium
328 2302 492 2351 epithetis
520 2303 628 2341 etiam
655 2305 879 2344 manifestius
918 2307 969 2351 fit,
997 2307 1192 2345 Homerum
1228 2308 1386 2355 priorum
1414 2311 1598 2345 auctorum
1636 2309 1799 2357 exempla
1838 2314 1998 2348 secutum
2038 2321 2128 2350 esse.
2180 2312 2314 2351 Nestor

155 2365 216 2416 (11.
243 2365 302 2411 11.‚
342 2364 416 2403 336
452 2365 602 2414 aliisque
627 2365 729 2414 locis)
765 2367 897 2409 ἱππότα
935 2368 1152 2412 nominatur,
1192 2380 1412 2417 quamquam
1459 2380 1541 2406 eum
1589 2381 1770 2418 nusquam
1814 2371 2033 2418 equitantem
2074 2372 2238 2411 videmus
2279 2377 2316 2411 et

157 2425 315 2462 Achilles
341 2426 451 2472 πόδας
482 2425 588 2472 ω’κύς,
607 2429 782 2474 ποδώκης,
813 2439 905 2475 quae
932 2430 1075 2475 quidem
1102 2429 1258 2476 epitheta
1284 2431 1329 2465 ab
1357 2430 1569 2476 antiquioris
1603 2432 1720 2477 poesis
1755 2432 1974 2468 carminibus
2001 2433 2194 2479 repetenda
2233 2445 2312 2471 esse

156 2484 322 2524 videntur
360 2488 396 2524 et
424 2486 586 2533 fortasse,
625 2490 665 2525 ut
690 2488 811 2538 Bergk
837 2487 1084 2538 (Griechische
1111 2486 1506 2537 Literaturgeschichte,
1535 2487 1570 2525 S.
1599 2488 1690 2538 838)
1717 2492 1828 2538 putat,
1856 2500 1878 2527 a
1897 2490 2128 2538 carminibus,
2157 2503 2250 2541 quae
2268 2492 2312 2531 de

156 2544 307 2583 Achillis
334 2547 492 2594 agebant
512 2548 707 2595 juventute,
736 2560 844 2596 quam
872 2548 1048 2586 Gheirone
1075 2549 1172 2596 degit
1199 2549 1380 2595 magistre,
1408 2555 1577 2585 centauro
1604 2549 1665 2585 illo
1693 2551 1909 2588 doctissimo.

306 2616 423 2654 Multa
448 2616 606 2666 epitheta
631 2617 739 2666 plane
765 2618 1006 2656 vetustissima
1032 2628 1118 2663 esse,
1163 2618 1428 2656 demonstratur
1465 2619 1584 2663 etiam,
1612 2619 1718 2667 quod,
1747 2620 1832 2667 quid
1859 2621 2076 2669 significent,
2119 2634 2232 2671 usque
2264 2624 2310 2661 ad

157 2676 246 2714 haec
290 2681 413 2715 nostra
456 2681 617 2726 tempora
653 2678 731 2726 jam
775 2689 848 2716 non
892 2678 979 2716 satis
1023 2681 1172 2716 constat.
1226 2678 1348 2715 Unum
1376 2678 1480 2715 modo
1507 2679 1708 2727 exemplum
1737 2679 1895 2726 afferam,
1932 2683 2027 2729 quod
2053 2694 2096 2719 ex
2123 2683 2310 2733 Jordani⁸)

322 2788 349 2824 ι)
367 2785 495 2823 Teuffel,
517 2787 682 2819 Bomische
696 2787 1050 2827 fitentur-geschichte,
1075 2787 1106 2819 S.
1124 2787 1195 2818 467.

320 2837 346 2877 ¹)
368 2836 432 2870 Cfr.
454 2837 579 2876 Nitzch,
601 2837 750 2878 Beitrage
772 2848 826 2870 zur
848 2837 1035 2871 Geschichte
1058 2838 1112 2870 der
1133 2838 1277 2879 epischen
1300 2839 1409 2872 Poesie
1430 2840 1485 2872 der
1505 2840 1667 2879 Griechcn,
1691 2841 1819 2882 Leipzig
1843 2842 1936 2875 1869.

260 2914 262 2917 .
319 2888 345 2928 8)
366 2889 415 2921 W.
438 2889 567 2929 Jordan,
591 2890 738 2932 Odyssee,
760 2890 935 2923 Franlrfurt
956 2901 986 2923 a.
1008 2892 1050 2923 Μ.
1073 2892 1162 2929 1875,
1186 2901 1214 2931 p.
1238 2892 1307 2923 548.
