2535 3077
273 184 387 231 ²3⁹¹
381 192 505 226 ‘'¹⁵⁰-
521 182 662 243 3⁸18*
671 185 849 229 ΜΨ
858 187 979 231 mede
1007 186 1082 238 ipsi
1101 176 1289 234 Homero,
1295 145 1575 238 ὶΟιιγιιιμιιιϋ)
1579 175 1884 240 ww

285 241 291 248 ¹
366 246 370 255 '
457 275 466 292 ‚
492 248 559 298 qui
580 247 762 286 rationem
772 241 933 286 Eumed-
940 251 1093 286 secutus
1117 252 1213 286 esset
1239 248 1416 293 attribuit,
1441 264 1495 277 -—
1510 248 1556 286 id
1579 241 1675 287 eive*
1679 244 1944 297 rmv‘flvs·

3 321 25 357 f·
44 317 58 339 f,
87 285 97 303 ·‚
115 284 426 360 ξω
433 306 563 356 potest.
599 306 717 346 Nobis
742 305 888 357 quidem
913 307 1005 346 scire
1029 310 1087 345 sat
1111 310 1177 352 est,
1204 310 1398 356 utrumque
1420 296 1583 351 carmen
1609 317 1836 357 quanqum
1854 303 1992 359 Μή
1997 308 2047 347 ,b
2080 315 2264 364 ἶ

110 414 117 420 „
169 367 316 420 mn·
313 365 451 405 iisdem:
470 367 692 416 temporibus
719 361 841 405 tamen
867 370 997 404 certa
1023 367 1219 415 quadam
1254 369 1444 405 ratione
1469 369 1717 406 observata
1741 366 1926 406 conditum
1951 375 2042 407 em
2057 362 2102 406 et
2119 367 2182 417 q*>

49 433 62 444 *⁴
89 417 107 439 ³
152 434 155 436 “
167 424 360 475 mul&
382 426 518 465 causis
526 434 808 494 permoveamur,
854 430 894 465 ut
936 439 958 464 a
1000 427 1139 464 duobus
1182 428 1296 475 poetis
1336 439 1408 465 ιιοιι
1446 438 1519 466 uno
1545 426 1790 475 conscriptum
1813 438 1895 466 esse
1920 427 2120 473 aedanus,
2146 413 2354 476 umque

121 529 127 539 ἡ
160 487 294 535 βιιιοιι
320 488 453 524 natura
478 488 515 524 et
541 486 586 532 vi,
613 476 824 536 praesertim
851 489 970 524 autem
997 486 1197 525 elocutione
1224 487 1412 524 verborum
1453 486 1558 535 quasi
1584 487 1800 535 cognatione
1822 486 1984 535 quadam
2007 486 2198 531 contineri,
2223 486 2278 524 ita
2300 488 2342 523 ut
2405 487 2415 498 ’·
2453 529 2468 542 ,V

167 544 239 585 lus
262 547 310 585 ob
335 557 464 599 causas
491 547 538 584 ab
563 558 647 584 uno
662 546 948 595 praeclarissimo
974 550 1079 595 poeta
1104 547 1306 584 confectum
1334 558 1413 585 esse
1439 558 1514 585 non
1541 551 1674 585 temere
1699 550 1865 595 putatum
1892 546 1954 585 sit.

223 613 233 633 Ι

322 615 362 656 Si
388 615 621 657 aestheticem
648 616 761 656 solam
789 619 1001 666 spectamus,
1029 616 1118 656 mihi
1143 628 1251 656 curae
1277 629 1352 657 non
1377 629 1457 658 esse
1482 617 1663 664 confiteor,
1690 628 1761 667 quo
1781 618 1886 656 modo
1912 617 1957 655 de
1970 617 2094 656 Iliadis
2107 622 2143 656 et
2158 617 2341 667 Odysseae

156 677 309 734 ‘origine
333 687 440 715 suam
465 677 621 725 quisque
646 678 850 725 opinionem
878 677 1035 715 finxerit
1087 678 1132 715 In
1158 678 1219 715 illo
1237 679 1335 715 enim
1351 680 1516 723 Homero,
1545 690 1652 726 quem
1670 690 1690 716 e
1716 679 1890 716 Pisistrati
1918 673 2141 727 aliorumque
2169 677 2338 716 manibus
2396 710 2411 717 Ι
2471 689 2477 696 ’

169 737 338 789 quemvis
364 737 511 787 magnis
545 736 891 790 interpolationibus,
919 738 1270 783 commutationibus
1298 738 1508 788 corruptelis
1542 739 1756 778 instructum
1783 738 1985 788 accepimus
2024 761 2067 768 —
2110 750 2232 780 nonne
2258 745 2339 792 poet

171 802 314 841 sextum
340 801 425 839 ante
439 797 624 835 Christum
651 798 831 835 saeculum
860 799 1018 835 maxima
1044 803 1120 835 erat
1146 800 1200 836 vis
1227 803 1262 836 et
1282 800 1327 836 ad
1348 800 1573 847 juventutem
1592 812 1665 837 non
1683 800 1798 837 solum
1814 800 1987 837 Graeciae
2013 801 2078 838 sed
2095 802 2205 839 etiam
2232 802 2341 840 totius

132 905 136 909 ,
171 856 338 908 Europae
362 856 587 896 educandam
614 860 650 896 et
676 857 721 894 ad
739 867 864 895 omnes
891 861 986 895 artes
1013 857 1252 896 excolendas?
1279 858 1398 896 Etiam
1427 859 1465 897 in
1492 860 1693 909 gymnasiis
1720 859 1852 897 nostris
1879 870 1997 908 neque
2023 859 2069 896 de
2095 860 2235 909 origine
2260 870 2338 897 car—

170 920 313 966 minum
338 917 611 956 Homericorum
638 929 755 965 neque
781 918 825 954 de
851 918 1016 965 singulis,
1044 930 1136 966 quae
1162 920 1202 956 ιιι
1228 920 1339 956 Iliade
1365 925 1401 957 et
1427 920 1588 968 Odyssea
1614 921 1732 958 inesse
1771 924 1932 968 possunt,
1971 921 2193 959 carminibus
2236 921 2343 958 nobis
2390 966 2392 969 Ι
2482 937 2506 975 g

171 978 355 1031 agendum
381 981 447 1023 est,
474 977 538 1017 sed
563 977 675 1023 illum,
704 988 811 1027 quem
829 980 966 1016 veteres
993 978 1096 1016 nobis
1115 977 1350 1023 tradiderunt,
1370 979 1568 1017 Homerum
1595 979 1777 1028 discipulis
1803 980 1937 1018 nostris
1965 990 2210 1029 proponemus
2224 990 2342 1028 neque

173 1041 220 1082 ds
243 1040 458 1088 conjecturis
484 1039 567 1082 illis,
594 1039 657 1075 sed
683 1039 727 1074 de
762 1039 972 1075 auctoritate
1011 1040 1257 1086 gravitateque
1293 1045 1478 1077 auctorum
1504 1045 1663 1078 veterum
1689 1042 1915 1084 disseremus,
1943 1044 1983 1078 ut
2008 1039 2339 1088 Naegelsbaehiffi)

171 1099 448 1153 satisfaciamus,
475 1098 538 1148 qui
564 1097 730 1148 postulat,
772 1101 811 1137 ut
836 1097 1027 1148 discipulos
1055 1101 1215 1137 veterum
1241 1100 1384 1149 scriptis
1410 1100 1572 1150 legendis
1591 1100 1806 1139 delectemus
1832 1103 1878 1146 et,
1906 1111 1988 1138 cum
2006 1100 2208 1138 minoribus
2235 1100 2344 1138 rebus

171 1161 285 1204 ,nimis
311 1163 439 1208 argute
463 1159 764 1207 'contemplandis
808 1163 920 1196 totum
965 1170 1039 1195 non
1065 1160 1304 1208 negligamus,
1349 1162 1401 1198 eis
1445 1162 1615 1199 librorum
1659 1162 1932 1209 explicationem
1976 1153 2215 1209 praebeamus
2257 1171 2341 1198 vere

173 1222 420 1263 aestheticam.

327 1293 524 1341 Postquam
551 1301 649 1329 nunc
675 1290 819 1339 quidem
847 1290 932 1339 quid
971 1290 1015 1327 de
1042 1291 1251 1339 quaestione
1278 1291 1467 1329 Homerica
1502 1292 1721 1330 censendum
1748 1302 1826 1329 esse
1852 1294 2013 1340 putarem
2041 1294 2077 1328 et
2102 1301 2165 1328 cur
2191 1301 2214 1327 ιι
2229 1301 2291 1327 nu
2307 1301 2343 1326 m

172 1340 372 1393 Homerum
398 1356 581 1389 auctorem
607 1351 730 1387 Iliadis
757 1355 791 1387 et
817 1351 997 1397 Odysseae
1023 1363 1101 1388 esse
1127 1352 1215 1397 mihi
1252 1354 1504 1400 persuaderem
1544 1354 1701 1400 exposui,
1741 1354 1827 1400 quid
1863 1364 1920 1389 me
1945 1352 2105 1400 impedit,
2141 1352 2336 1399 quominus

172 1415 221 1456 ad
236 1413 460 1466 propositum
478 1422 536 1452 me
553 1413 779 1451 convertam:
807 1409 899 1460 Quid
917 1410 1092 1461 elegantis
1110 1414 1144 1451 et
1163 1412 1304 1451 venusti
1324 1411 1468 1451 Homeri
1487 1412 1650 1452 carmina
1667 1412 1705 1451 in
1724 1412 1913 1451 verborum
1931 1411 2130 1450 elocutione
2148 1409 2333 1448 habeant?

327 1475 366 1512 Si
393 1482 465 1522 quo
488 1473 569 1526 *loco
596 1473 690 1520 apud
717 1476 853 1509 veteres
880 1472 1043 1508 Sehilleri
1071 1473 1214 1520 illud⁸):

799 1554 985 1593 „Schon'res
1006 1554 1070 1585 find
1092 1554 1143 1585 ich
1165 1554 1265 1588 nicht,
1289 1556 1346 1586 wie
1368 1556 1445 1595 lang
1466 1556 1517 1588 ich
1540 1556 1653 1593 wahl&

799 1605 857 1636 Als
878 1605 911 1637 in
933 1605 988 1636 der
1010 1605 1145 1636 schenen
1168 1605 1262 1636 Form
1286 1606 1336 1636 die
1358 1606 1471 1637 echone
1495 1608 1616 1638 Seele.“

176 1684 298 1728 valuit,
326 1681 422 1730 apud
450 1680 606 1717 Graecos
632 1680 744 1715 certe!
796 1680 1047 1726 Quaecumque
1073 1680 1184 1716 oculis
1223 1680 1567 1727 contemplabantur,
1609 1681 1776 1717 manibus
1815 1681 2064 1723 conficiebant,
2105 1678 2340 1727 perficiebant

176 1746 310 1789 animo,
337 1741 462 1780 omnia
487 1741 533 1779 iis
559 1744 663 1779 erant
689 1739 790 1785 nihil,
818 1739 889 1778 nisi
916 1739 1065 1789 pulchra
1097 1744 1211 1778 erant.
1265 1740 1308 1778 In
1336 1739 1475 1789 pulchri
1516 1743 1635 1778 autem
1675 1740 1820 1779 notione
1855 1751 1930 1779 non
1965 1738 2081 1779 solum
2108 1738 2252 1790 propria
2278 1737 2342 1776 sed

175 1805 287 1845 etiam
313 1801 408 1852 apud
435 1801 592 1838 Graecos
618 1804 705 1837 nota
731 1801 829 1837 verbi
856 1800 1120 1848 significatione
1156 1801 1344 1836 virtutibus
1380 1801 1490 1836 animi
1520 1801 1650 1836 mixtae
1688 1805 1772 1837 sunt
1799 1801 1946 1837 virtutes
1977 1802 2016 1837 in
2043 1801 2160 1848 specie
2185 1800 2340 1847 positae;

175 1870 233 1906 est
257 1864 449 1915 pulchrum
476 1861 719 1911 quasi'animi
746 1861 975 1899 simulacrum
1022 1861 1058 1898 in
1098 1861 1214 1898 forma
1253 1865 1414 1900 venusta.
1466 1861 1691 1909 Quamquam
1730 1872 1812 1899 vero
1847 1861 2102 1910 posterioribus
2129 1860 2339 1909 praesertim

348 1973 374 2012 ¹)
395 1973 428 2005 S.
451 1972 530 2005 739:
574 1971 638 2008 „Es
659 1980 724 2003 war
744 1971 795 2002 ein
815 1970 1027 2002 bedeutender
1049 1970 1288 2011 reichbegabter
1300 1970 1438 2006 Dichter,
1462 1969 1516 2001 der
1536 1970 1580 2001 im
1603 1970 1698 2001 Sinne
1712 1970 1845 2001 Homers
1867 1969 1916 2001 die
1930 1970 2055 2011 epische
2068 1969 2172 2002 Kunst
2193 1969 2339 2010 ausubte,

179 2029 235 2062 der
255 2038 297 2061 an
319 2025 507 2062 Genialitat,
541 2033 582 2056 an
605 2023 697 2055 Fulle
728 2023 869 2063 sinniger
890 2022 1102 2062 Erfindungen
1142 2021 1206 2053 und
1240 2032 1281 2054 an
1302 2022 1388 2053 Tiefe
1411 2022 1465 2053 der
1488 2022 1821 2053 Menschenkenntniss
1854 2022 1970 2053 seinem
2003 2032 2132 2062 grossen
2155 2023 2342 2063 Vorganger

177 2081 268 2117 nicht
288 2089 349 2113 nur
369 2077 474 2120 gleich
496 2087 535 2109 zu
556 2076 670 2109 stellen
692 2076 745 2115 ist,
768 2074 903 2107 sondern
924 2074 980 2108 ihn
1003 2084 1096 2115 sogar
1118 2075 1198 2106 noch
1221 2074 1415 2106 ubertrifft.“
1849 2084 1852 2087 ·

346 2131 373 2170 ²)
394 2128 624 2169 Naegelsbach,
645 2128 851 2167 Anmerkung
872 2136 926 2157 zur
947 2127 1034 2162 Ilias,
1056 2127 1086 2157 2.
1108 2126 1249 2166 Auflage,
1274 2127 1359 2157 Seite
1380 2127 1481 2156 XIV.:

346 2181 417 2221 „Da
437 2189 501 2213 nun
524 2178 600 2213 aber
631 2178 683 2211 die
706 2177 878 2210 Schonheit
910 2177 964 2209 der
995 2177 1188 2208 klassischen
1212 2176 1343 2208 Studien
1377 2177 1446 2207 dem
1470 2177 1580 2207 Inhalt
1611 2177 1675 2207 und
1695 2176 1860 2207 Aurdruck
1881 2176 1971 2212 nach,
2002 2176 2184 2207 wesentlich
2214 2177 2248 2207 ιιι
2270 2175 2341 2207 dem

179 2236 349 2268 Gedanken
371 2234 457 2271 ruht,
480 2232 582 2262 dieser
603 2231 679 2261 aber
700 2232 748 2261 als
772 2230 894 2260 solcher
916 2230 1022 2259 nichts
1045 2230 1208 2259 Einzelnes
1229 2228 1293 2259 und
1315 2229 1539 2267 Abgerissenes
1572 2230 1624 2263 ist,
1654 2239 1688 2259 so
1724 2228 1801 2259 wird
1834 2227 1904 2258 dem
1926 2227 2057 2259 Schuler
2084 2237 2140 2260 vor
2161 2227 2266 2260 Allem
2287 2228 2343 2260 der

179 2285 343 2321 (iod-nte-
351 2283 406 2317 des
428 2281 676 2316 Schriftsteuers
697 2279 762 2312 und
784 2289 865 2312 zwar
887 2279 932 2311 im
943 2279 1232 2319 Zusammenhange
1254 2288 1322 2309 zum
1340 2277 1533 2312 Bewustsein
1555 2277 1708 2319 gebracht
1726 2276 1848 2309 werden
1870 2280 2005 2314 mussen.
2028 2287 2063 2309 so
2081 2278 2154 2309 dass
2168 2277 2266 2318 jener,
2289 2278 2344 2309 der

178 2337 256 2369 fiber
274 2337 332 2368 der
352 2336 458 2370 Mulie,
481 2334 532 2365 die
553 2334 621 2365 ihm
644 2333 701 2364 das
722 2333 869 2363 Einzelue
891 2333 1006 2367 kostet.
1030 2332 1128 2363 leicht
1151 2332 1295 2371 vergisst,
1320 2341 1367 2363 wo
1388 2341 1421 2362 er
1442 2332 1487 2362 im
1508 2330 1634 2362 Ganzen
1656 2330 1753 2366 steht,
1776 2329 1875 2361 durch
1888 2329 2106 2370 Vermittlnng
2127 2330 2182 2363 des
2203 2330 2347 2372 Lehrers,

178 2388 235 2423 der
253 2388 320 2422 ihm
343 2387 404 2419 den
424 2384 699 2425 Zusammenhang
721 2393 758 2415 zu
780 2382 998 2425 reproduziren
1021 2383 1087 2422 hat,
1110 2383 1142 2414 in
1165 2383 1219 2414 der
1239 2382 1425 2423 lebendigen
1447 2382 1626 2422 Bewegung
1659 2381 1713 2412 des
1735 2381 1802 2411 sich
1823 2381 2071 2412 estvickelnden
2093 2381 2238 2413 Inhaltes
2258 2382 2340 2413 fort-

175 2439 328 2472 'amend
347 2439 491 2469 erhalten
513 2437 601 2467 wird.
644 2437 684 2466 Je
706 2436 795 2466 mehr
815 2446 879 2465 nun
901 2436 956 2465 der
978 2435 1109 2465 Sehfiler
1130 2436 1162 2465 in
1185 2435 1235 2465 die
1257 2435 1356 2465 Sache
1378 2435 1487 2471 selbst,
1510 2444 1563 2464 um
1586 2433 1702 2464 welche
1724 2432 1809 2463 sichs
1831 2431 1976 2468 handelt,
1999 2432 2228 2465 hineinversezt
2248 2433 2345 2476 vird,

174 2491 211 2534 je
229 2483 319 2525 ine'hr
339 2500 374 2524 er
395 2489 452 2523 das
476 2489 569 2531 Εροε,
592 2487 653 2521 den
675 2485 896 2530 platonischen
918 2485 1043 2527 Dialog,
1067 2484 1122 2518 das
1145 2485 1270 2524 Drama,
1306 2484 1362 2518 das
1383 2494 1416 2517 er
1437 2482 1553 2527 gerade
1586 2484 1669 2522 liest,
1700 2482 1802 2516 selber
1823 2482 1999 2522 durchlebt,
2022 2492 2074 2516 um
2097 2493 2131 2517 so
2153 2484 2242 2518 mehr
2263 2484 2341 2532 wird

174 2543 257 2574 meh
276 2542 335 2572 der
355 2542 470 2572 achone
491 2540 557 2571 und
579 2539 770 2579 schlagende
792 2540 820 2569 A
833 2539 938 2569 usdr
954 2549 973 2568 u
986 2540 1033 2568 ck
1055 2540 1086 2568 in
1109 2540 1211 2569 seiner
1227 2539 1316 2569 Seele
1338 2538 1591 2576 wiederklingen.
1614 2538 1685 2567 weil
1707 2537 1860 2567 nunmehr
1881 2537 1941 2567 das
1959 2537 2112 2574 Element,
2135 2538 2166 2568 ιιι
2190 2535 2339 2570 welchem

176 2593 320 2629 dereelbe
339 2602 540 2627 vernommen
562 2590 649 2630 wird,
672 2590 724 2624 ῆι·
745 2590 800 2623 ihu
822 2590 892 2623 kein
916 2588 1064 2623 Fremdes
1086 2589 1172 2622 mehr
1195 2589 1248 2621 ist.
1290 2586 1460 2629 Derjenige
1481 2596 1553 2623 nun,
1590 2585 1644 2619 der
1677 2585 1781 2618 seinen
1805 2585 1958 2618 Schulern
1990 2586 2079 2619 nicht
2100 2597 2168 2626 nur,
2199 2597 2263 2621 was
2289 2588 2345 2621 der

178 2647 411 2680 Schriftsteller
430 2648 475 2677 im
497 2647 676 2683 Einselnen,
699 2647 835 2678 sondern
857 2656 921 2677 was
943 2656 976 2676 er
1002 2647 1045 2676 im
1067 2645 1358 2684 zusammenhange
1381 2646 1463 2683 sagt,
1496 2653 1566 2674 zum
1588 2642 1797 2673 Bewusstsein
1821 2652 1857 2672 zu
1892 2641 2035 2681 bringeri,
2069 2641 2209 2681 sogleich
2230 2652 2267 2674 ιιι
2288 2641 2343 2674 be·

173 2697 294 2731 wbken
315 2707 452 2740 vemag,
475 2697 548 2729 dass
569 2697 719 2735 derselbe,
744 2697 869 2729 obwohl
891 2698 924 2728 in
946 2697 1083 2728 emzelne
1096 2696 1197 2727 Pensa
1215 2696 1415 2730 zerstiickelt.
1439 2694 1520 2725 doch
1538 2693 1589 2725 fur
1605 2693 1664 2724 den
1679 2693 1810 2724 Schiiler
1831 2692 1920 2726 nicht
1934 2691 2074 2729 aufhore,
2090 2693 2142 2724 ein
2156 2692 2339 2735 lebendiges
2398 2711 2403 2718 =

174 2749 282 2782 euzo
301 2760 340 2781 n
361 2751 438 2786 sein,
461 2751 572 2781 dessen
594 2751 703 2781 Inhalt
724 2751 773 2781 als
794 2750 845 2780 ein
868 2749 1035 2789 organisch
1056 2748 1280 2787 entwickelten
1303 2747 1414 2778 dessen
1437 2746 1531 2778 Form
1564 2755 1635 2777 vom
1656 2745 1762 2777 lnhalt
1794 2744 1857 2776 und
1889 2754 1949 2776 nur
1980 2754 2041 2777 von
2070 2745 2186 2778 diesem
2207 2745 2341 2788 bedingt

171 2799 239 2834 und
272 2800 386 2834 urunt
422 2801 589 2838 erseheint,
629 2799 685 2833 der
706 2800 823 2833 Lehrer
860 2798 938 2832 wird
976 2800 1081 2832 seinen
1114 2798 1346 2854 Schriftsteller
1382 2799 1426 2829 im
1462 2797 1588 2829 wahren
1629 2796 1723 2828 Sinne
1759 2796 1815 2830 des
1854 2796 1904 2828 oft
1942 2796 2193 2828 missbrauchten
2218 2798 2343 2828 Worte‘s

172 2853 419 2886 iethetiseh
440 2854 616 2888 etklirenfl·

343 2904 370 2944 ⁸)
392 2904 616 2943 Schiner,V1.
640 2904 725 2936 Seite
749 2904 817 2935 152.
840 2903 997 2943 (Hempel.
1018 2902 1133 2942 Ausg¹.
