2535 3077
311 221 439 260 Altera
486 225 604 260 antem
632 224 669 259 et
693 221 911 281 gravissima
936 221 1013 266 lex,
1055 232 1165 272 quam
1191 222 1347 271 Lessing
1372 221 1669 281 descriptionibus
1697 219 1904 263 Homericis
1919 214 2185 272 conmplm
2179 196 2407 278 wls„

154 268 307 329 invenit,
334 287 399 328 est,
426 285 468 321 ut
494 285 601 331 poeta
626 281 791 331 singulas
816 292 885 327 res,
912 293 1005 331 quae
1022 283 1283 328 describantur,
1309 283 1361 320 ita
1380 274 1581 331 componat,
1608 285 1650 320 ut
1667 280 1837 319 facillime
1853 291 1898 319 ex
1913 280 1960 320 iis
1975 273 2348 343 amnemqunhm
2358 313 2364 317 .
2402 319 2406 322 .
2440 267 2535 338 mse„

156 344 357 392 imaginem
397 344 523 382 animo
563 347 688 381 nostro
727 342 903 391 effingere
942 342 1132 391 possimus.
1186 342 1342 391 Lessing
1380 342 1419 380 in
1457 341 1548 380 libro
1573 353 1658 389 suo-2,
1672 341 1882 386 „Laocoon”
1911 326 2087 390 exemplis
2107 332 2332 389 gravifiimis
2367 340 2369 342 ’
2403 396 2407 403 .
2525 330 2535 346 ⁴

115 431 121 437 .
156 402 428 448 demonstrmt,
456 403 599 452 quibus
617 402 759 440 auxiliis
772 402 956 440 Homerus
980 413 1068 440 usus
1086 402 1143 447 sit,
1171 407 1211 439 ut
1227 402 1323 440 intra
1341 401 1514 440 terminos
1532 401 1599 439 arti
1619 387 1782 450 poeticae
1797 400 2009 439 constitutos
2025 410 2083 438 res
2100 400 2333 449 pertractaret

148 463 290 502 'artium
302 463 554 515 plasticarum
581 464 762 512 proprias3
803 466 911 511 atque
936 463 1085 507 Herder,
1126 462 1308 511 elegantia
1333 465 1369 500 et
1393 464 1590 506 venustate,
1619 471 1712 509 quae
1737 460 1770 498 ei
1796 463 1910 506 erant,
1937 459 2122 506 adductus,
2148 453 2333 536 complura

156 523 204 561 ad
228 521 299 560 hoc
325 523 527 572 spectantia
553 522 698 571 collegit
723 521 815 559 libro
846 521 1038 566 ,kritische
1063 521 1246 557 Wiilder‘fi

130 614 135 624 .
308 584 383 627 Ara
405 583 557 632 pictoria
569 583 600 631 ¹)
629 593 771 631 semper
796 561 933 619 certum
959 581 1138 631 quoddam
1167 584 1388 618 momentum
1417 580 1502 617 facti
1528 579 1712 628 cujusdam
1739 580 1817 618 sive
1840 583 1977 618 certum
2003 579 2184 628 quendam
2208 589 2328 617 rerum

155 646 291 683 statum
333 647 370 681 et
407 643 654 681 condicionem
700 643 738 680 in
774 642 896 680 tabula
931 642 1031 690 figit,
1071 642 1302 690 colorumque
1341 642 1564 679 abundantia
1590 641 1683 684 vim,
1723 641 1855 685 vitam,
1883 640 2070 689 ingenium
2095 640 2199 688 quasi
2223 640 2331 677 rebus

155 689 324 753 inspirat.
377 704 449 743 Ars
493 715 636 752 quoque
671 703 840 751 plastica,
879 714 938 739 res
965 714 1049 740 suas
1075 703 1254 751 imagines
1281 704 1319 739 in
1346 702 1460 751 spatio
1488 702 1647 750 disponit
1673 700 1918 749 sublimesque
1942 700 2140 739 sententias
2165 700 2264 739 brevi
2290 700 2329 737 in

155 765 274 814 spatio
313 764 455 803 concise
495 765 651 814 effingit.
709 765 780 802 Ars
819 763 957 813 poetica
995 774 1077 800 vero
1114 763 1282 812 (dicimus
1316 762 1384 801 hoc
1411 762 1487 801 loco
1515 766 1598 801 ante
1625 762 1748 800 omnia
1773 772 1920 800 carmen
1946 760 2147 810 heroicum)
2173 771 2230 799 res
2256 760 2331 799 suis

155 826 322 887 producit
347 829 509 874 tempore
537 826 751 873 procedente
777 828 813 861 et
838 835 896 861 res
913 828 1045 872 gestas,
1073 835 1177 862 casus
1201 836 1364 872 magnos,
1393 836 1527 872 magna
1545 824 1641 861 facta
1659 823 1832 873 explicat3
1859 823 2100 860 instrumenta
2118 833 2193 860 non
2210 821 2330 869 habet,

156 883 276 934 neque
301 885 482 953 scalprum
509 884 642 924 fabrile
669 895 788 933 neque
814 884 1019 933 penicillum
1050 884 1206 921 adhibet.
1252 883 1496 932 Cogitationes
1522 883 1620 921 solae
1647 893 1845 930 earumque
1871 882 1974 931 quasi
1992 878 2205 920 vestimenta
2221 882 2331 919 verba

154 956 236 983 eam
263 944 436 993 adjuvant
461 945 501 981 in
528 947 606 982 arte
648 944 873 992 explicanda.
932 944 981 980 Ut
1022 948 1139 980 autem
1182 944 1330 980 verbum
1370 955 1445 980 non
1484 944 1523 980 in
1563 943 1677 991 spatio
1721 942 1824 990 quasi
1862 953 1991 989 corpus
2031 942 2159 990 accipit
2192 941 2254 979 sed
2288 943 2327 979 ιιι

116 999 317 1059 v‘tempore
341 1004 498 1054 profluit,
538 984 647 1043 etiam
674 1016 731 1042 res
758 1008 835 1042 arte
861 1005 1000 1053 poetica
1026 1005 1187 1053 depictae
1214 1016 1259 1042 ne
1286 1015 1366 1041 cum
1396 1004 1513 1041 verbis
1540 1003 1635 1040 aliud
1664 1006 1745 1052 post
1771 1001 1868 1040 aliud
1895 1003 2128 1051 sequentibus
2154 1006 2328 1052 pugnent,

155 1066 194 1109 in
234 1070 395 1116 tempore
434 1078 509 1104 non
552 1066 590 1103 in
619 1066 734 1114 spatio
761 1076 840 1103 esse
867 1064 1055 1112 debent.²)
1108 1065 1143 1102 Si
1172 1066 1283 1113 igitur
1309 1076 1367 1101 ars
1396 1065 1532 1113 poetica
1558 1076 1615 1103 res
1643 1068 1783 1109 tractat,
1812 1076 1905 1113 quae
1930 1075 2011 1102 cum
2038 1065 2077 1103 in
2104 1066 2219 1114 spatio
2244 1066 2329 1110 sint,

157 1127 234 1175 ejus
273 1138 349 1163 non
390 1127 555 1175 propriae
582 1130 678 1169 sunt,
708 1137 850 1172 semper
876 1136 1001 1161 cavere
1027 1126 1142 1165 debet,
1183 1137 1230 1161 ne
1256 1125 1465 1161 methodum
1494 1137 1595 1162 suam
1624 1125 1798 1173 negligat.
1851 1124 1922 1162 Res
1947 1137 2021 1162 non
2050 1129 2165 1163 motas
2192 1129 2331 1171 mutare

155 1186 195 1226 in
228 1186 522 1243 progredientes,
562 1196 620 1224 res
665 1196 758 1234 quae
789 1184 947 1234 juxta
973 1186 1062 1224 alias
1089 1186 1226 1235 positae
1253 1190 1357 1231 sunt,
1398 1189 1517 1234 post
1561 1196 1621 1223 eas
1666 1196 1800 1234 ponere
1844 1196 1977 1234 easque
2021 1175 2162 1236 semper
2204 1186 2250 1224 ab
2294 1196 2337 1223 ea

154 1250 257 1297 parto
281 1246 518 1295 contemplari
547 1247 756 1293 nostrisque
782 1246 893 1283 oculis
920 1247 1094 1293 subjicere
1121 1247 1226 1282 debet
1253 1258 1324 1292 qua
1351 1247 1484 1293 optime
1511 1250 1661 1283 naturae
1690 1247 1766 1294 ejus
1794 1248 2013 1285 inserantur.
2065 1247 2333 1295 Descriptiones

153 1310 275 1345 autem
310 1307 341 1345 si
367 1318 426 1344 res
453 1306 620 1354 singulas
652 1306 870 1350 describunt,
906 1310 942 1343 et
968 1310 1137 1354 perpetuo
1165 1306 1251 1343 artis
1278 1305 1446 1353 pictoriae
1473 1306 1671 1354 praeceptis
1704 1307 1962 1344 convenienter
1988 1307 2197 1356 depingunt.
2225 1307 2330 1346 nobis

155 1369 347 1406 universae
387 1368 438 1405 rei
466 1367 668 1416 imaginem
698 1370 782 1404 ante
809 1366 929 1404 oculos
957 1367 1016 1402 vix
1043 1370 1188 1415 ponent.
1244 1366 1392 1403 Pictoris
1419 1366 1492 1403 sive
1519 1366 1708 1414 sculptoris
1737 1378 1827 1415 opus
1855 1366 2069 1404 habebimus
2095 1378 2169 1404 non
2196 1372 2332 1416 poetae,

154 1430 228 1467 nisi
254 1430 287 1466 ei
313 1429 477 1476 contigit.
506 1426 547 1465 ut
573 1438 631 1466 res
659 1427 917 1465 describendas
946 1427 1101 1474 quodam
1131 1426 1235 1463 modo
1262 1426 1419 1474 implicet
1445 1427 1665 1475 temporibus
1693 1428 2016 1475 praetereuntibus.
2327 1435 2337 1439 “

307 1488 504 1525 Homerum
549 1487 680 1534 igitur,
726 1487 788 1533 qui
824 1487 862 1523 in
888 1486 1187 1534 descriptionibus
1214 1486 1289 1522 suis
1315 1498 1497 1523 summum
1524 1497 1562 1523 se
1590 1487 1737 1534 praebet
1770 1487 1962 1531 artificem,
2003 1499 2046 1524 ex
2073 1487 2180 1536 vulgo
2219 1494 2337 1525 ortum

153 1549 260 1599 vulgo
299 1548 464 1586 carmina
502 1559 569 1585 sua
613 1547 858 1594 composuisse
897 1546 1050 1595 intelligi
1086 1551 1214 1594 potest.
1269 1547 1385 1583 Pauca
1421 1546 1525 1583 modo
1552 1546 1716 1595 exempla
1744 1546 1904 1593 afferam,
1932 1552 1972 1585 ut
1998 1548 2205 1586 varietatem
2232 1547 2331 1586 illam

155 1609 294 1660 ingenii
312 1608 462 1648 Homeri
481 1607 667 1646 illustrem.
715 1607 906 1658 Homerus,
934 1607 1008 1645 sive
1028 1607 1316 1656 magnitudinem
1336 1607 1493 1651 deorum,
1521 1606 1825 1655 pulchritudinem
1843 1607 2071 1654 feminarum,
2097 1609 2332 1658 proprietates

154 1670 358 1708 animorum
399 1672 464 1705 aut
501 1679 692 1715 corporum
733 1668 891 1704 virorum
932 1668 1097 1709 fortium,
1138 1668 1212 1703 sive
1251 1678 1395 1704 currum
1421 1668 1587 1711 Junonis,
1629 1669 1914 1715 Agamemnonis
1949 1674 2139 1717 sceptrum,
2178 1669 2329 1707 Achillis

154 1734 308 1776 scutum,
349 1740 472 1768 arcum
515 1727 671 1766 Pandari
718 1732 784 1766 cet.
825 1728 1004 1773 describit,
1045 1738 1186 1776 semper
1227 1727 1406 1777 pingendo
1434 1727 1481 1775 (si
1508 1727 1605 1764 verbi
1633 1728 1817 1777 propriam
1844 1729 2148 1778 significationem
2174 1729 2330 1779 spectas)

154 1792 330 1832 abstinet:
367 1800 568 1836 numquam
598 1789 796 1836 imaginem
824 1790 929 1825 nobis
961 1790 1109 1835 praebet
1141 1789 1311 1836 imaginis
1338 1801 1455 1831 causa,
1493 1789 1555 1825 sed
1583 1800 1725 1835 semper
1751 1800 1830 1826 eam
1859 1791 1909 1827 rei
1936 1795 2074 1837 partem
2102 1794 2184 1828 ante
2210 1790 2330 1828 oculos

152 1851 265 1901 ponit,
308 1861 382 1898 qua
421 1848 632 1904 ,,ἑνέργειαι“
678 1848 854 1896 quaedam
882 1848 1159 1892 demonstratur,
1197 1859 1358 1896 quaeque
1384 1847 1473 1886 hoec
1499 1847 1658 1904 ἐνέργεια
1700 1860 1781 1886 cum
1823 1849 1927 1888 factis
1968 1849 2161 1898 cunjuncta
2196 1853 2250 1893 est
2280 1848 2335 1887 vel

152 1912 233 1961 ipsa
258 1921 315 1949 res
342 1910 449 1959 gerit.
1265 1912 1270 1922 ¹

308 1971 449 2008 Herder
462 1968 494 2018 ³)
527 1981 611 2006 cum
639 1969 683 2006 de
711 1969 891 2017 Lessingii
920 1969 1124 2007 Laocoonte
1145 1969 1332 2016 judicaret,
1368 1973 1492 2007 contra
1519 1971 1673 2019 Lessing
1700 1982 1780 2008 mea
1807 1972 1950 2019 quidem
1979 1972 2159 2009 sententia
2192 1981 2332 2008 summo

148 2033 231 2083 jure
280 2031 528 2076 confirmavit,
584 2030 791 2068 Homerum
839 2041 919 2067 cum
966 2032 1065 2079 leges
1109 2041 1219 2079 supra
1264 2034 1560 2067 commemoratas
1604 2031 1848 2077 observasset,
1894 2043 1968 2069 non
2015 2031 2175 2069 artificiis
2218 2031 2334 2069 solum

138 2143 157 2161 ⁸
319 2153 343 2192 ι)
365 2140 513 2184 Laocoon
536 2151 620 2182 XVI.

320 2203 347 2243 ¹)
370 2204 434 2236 crr.
458 2204 605 2235 Laocoon
630 2202 739 2233 XVII:
773 2203 850 2239 „Ich
883 2203 1014 2243 spreche
1046 2202 1136 2233 nicht
1167 2202 1221 2233 der
1253 2202 1338 2233 Rede
1361 2203 1536 2242 uberhaupt
1558 2202 1613 2234 das
1635 2204 1809 2244 Vermogen
1832 2203 1888 2242 ab,
1922 2204 1973 2236 ein
1995 2204 2204 2245 harpen-lichen
2226 2204 2330 2237 Ganze

149 2256 233 2289 nach
254 2256 360 2288 seinen
381 2255 512 2286 Theilen
534 2264 571 2285 zu
594 2253 770 2290 schildern3
794 2254 838 2284 sie
859 2254 942 2284 kann
965 2263 1007 2290 es,
1032 2254 1102 2284 weil
1124 2253 1191 2284 ihre
1214 2253 1355 2290 Zcichen,
1378 2253 1418 2284 ob
1435 2255 1478 2284 sie
1493 2255 1589 2285 sehon
1604 2254 1807 2287 aufeinander
1825 2255 1942 2296 folgen,
1965 2256 2107 2288 dennoch
2118 2256 2326 2288 willkfirliche

150 2308 284 2339 Zeichen
307 2306 395 2343 sind;
418 2306 554 2337 sondern
576 2306 628 2336 ich
653 2306 782 2345 spreche
802 2315 835 2336 es
856 2306 911 2336 der
932 2305 1017 2336 Rede
1038 2307 1087 2336 als
1109 2305 1179 2336 dem
1192 2306 1299 2336 Mittel
1319 2305 1373 2336 der
1385 2306 1494 2337 Poesie
1512 2307 1561 2343 ab,
1586 2307 1656 2338 weil
1669 2307 1868 2347 dergleichen
1882 2308 2066 2340 wortlichen
2079 2297 2327 2349 Schilderungen

151 2358 208 2390 der
228 2358 351 2399 Korper
380 2356 437 2388 das
459 2355 667 2388 Tiuschende
699 2355 855 2395 gebricht,
877 2356 1001 2387 worsuf
1026 2356 1076 2387 die
1096 2356 1206 2387 Poesie
1235 2357 1448 2388 vornehmlich
1476 2357 1571 2396 geht3
1601 2358 1664 2388 und
1688 2357 1790 2389 dieses
1813 2359 2026 2396 Tiuschende,
2049 2368 2124 2399 sage
2144 2359 2211 2390 ich.
2242 2368 2327 2391 muss

150 2411 248 2443 ihnen
278 2409 389 2441 darum
422 2408 616 2449 gebrechen,
650 2408 721 2439 weil
755 2407 810 2439 das
842 2407 1078 2440 Coexistirende
1109 2408 1164 2439 des
1197 2408 1333 2449 Korpers
1365 2409 1425 2440 mit
1455 2409 1525 2441 dem
1547 2408 1775 2442 Consecutiven
1810 2410 1865 2442 der
1886 2409 1972 2443 Rede
2006 2410 2098 2443 dabei
2120 2411 2152 2443 in
2174 2410 2329 2444 Collision

150 2461 283 2497 kommt,
304 2460 369 2491 und
391 2459 497 2490 indem
517 2459 607 2499 jenes
629 2459 663 2489 in
688 2458 788 2489 dieses
810 2458 969 2498 anfgeliist
991 2459 1080 2495 wird,
1101 2469 1160 2490 una
1183 2460 1234 2490 die
1256 2460 1500 2500 Zergliederung
1523 2460 1577 2491 des
1590 2461 1714 2492 Ganzen
1737 2463 1770 2492 in
1793 2462 1878 2493 seine
1900 2462 2010 2493 Theile
2032 2472 2114 2493 zvar
2134 2462 2326 2497 erleiehtem

150 2512 227 2546 aber
256 2512 307 2544 die
334 2511 478 2543 endliche
502 2509 946 2551 Wiederzusammensetzung
972 2509 1074 2541 dieser
1096 2511 1204 2543 Theile
1235 2512 1266 2542 in
1290 2511 1345 2543 das
1367 2511 1470 2544 Ganze
1493 2514 1659 2553 ungemein
1683 2513 1801 2545 schwer
1824 2514 1888 2546 und
1910 2514 2001 2545 nicht
2027 2514 2128 2546 selten
2149 2513 2331 2556 unmoglich

154 2564 303 2605 gemacht
325 2562 436 2594 ιιίι·ι1.·4

319 2615 348 2652 ⁸)
370 2613 506 2653 Herder,
539 2613 706 2644 Kritische
728 2612 872 2650 Wfflder,
905 2623 935 2653 p.
968 2613 1047 2644 206:
1080 2613 1157 2650 „Ich
1185 2614 1285 2645 kenne
1317 2615 1404 2645 keine
1429 2615 1648 2647 Successionen
1673 2616 1715 2646 im
1738 2615 1876 2652 Homer,
1912 2615 1963 2647 die
1986 2617 2033 2648 als
2054 2616 2248 2657 Kunstgriff,
2280 2617 2329 2648 als

149 2666 349 2708 Kunstgriffe
372 2665 427 2697 der
448 2665 555 2701 Νοιιι,
592 2665 680 2696 eines
702 2664 827 2703 Bildes‚
861 2665 947 2695 einer
970 2664 1182 2706 Schilderung
1204 2675 1310 2706 wegen
1334 2666 1373 2696 da
1396 2667 1462 2697 sein
1486 2667 1621 2704 sollten;
1655 2668 1698 2698 sie
1721 2667 1790 2699 sind
1814 2667 1870 2698 das
1894 2667 2005 2698 Wesen
2027 2668 2127 2699 seines
2149 2666 2327 2705 Gedichtes,

149 2720 194 2751 sie
216 2717 288 2750 sind
310 2717 365 2749 der
385 2717 507 2757 Korper
529 2715 584 2747 der
607 2715 758 2756 epischen
775 2715 960 2755 Handlung.
1003 2715 1041 2746 In
1060 2715 1165 2755 jedem
1187 2717 1271 2756 Zuge
1293 2717 1347 2748 des
1369 2717 1532 2748 Handelns
1555 2728 1638 2750 muss
1661 2719 1804 2759 Energie,
1838 2718 1892 2749 der
1913 2719 2022 2750 Zweck
2043 2719 2185 2756 Homers,
2207 2719 2328 2760 negem

149 2773 212 2804 mit
230 2771 320 2812 jeder
341 2770 460 2802 andern
482 2769 668 2810 Hypothese
692 2778 753 2799 von
775 2768 1006 2808 Kunstgriffen,
1029 2769 1288 2810 Einkleidungem
1322 2781 1375 2801 um
1398 2771 1453 2801 das
1475 2770 1709 2802 Coexistirende
1735 2771 1789 2801 der
1814 2770 2061 2810 Schilderungen
2085 2781 2122 2801 zu
2142 2771 2328 2808 vermeiden,

148 2824 273 2862 homme
294 2821 346 2853 ich
367 2830 424 2852 aus
446 2820 517 2851 dem
539 2820 607 2850 Tou
632 2820 777 2851 Homers.
794 2837 833 2842 —
849 2837 887 2841 —
909 2820 1009 2850 chn
1032 2820 1150 2851 Homer
1170 2822 1220 2852 ein
1242 2822 1452 2861 kerperliches
1474 2821 1547 2852 Bild
1569 2822 1714 2860 braucht,
1738 2831 1773 2852 so
1800 2820 1953 2852 schildert
1974 2831 2007 2852 er
2028 2831 2071 2858 es,
2089 2831 2177 2853 wenn
2200 2831 2233 2853 es
2249 2821 2329 2853 auch

147 2873 312 2906 Thersites
334 2872 400 2904 sein
424 2871 539 2908 sollte;
562 2880 595 2902 er
616 2871 708 2902 weiss
732 2879 793 2902 von
814 2870 925 2902 keinen
946 2870 1176 2911 Kunstgriffen,
1198 2882 1258 2904 von
1280 2872 1386 2904 keiner
1407 2873 1589 2913 poetischen
1602 2873 1671 2904 List
1694 2872 1759 2904 und
1777 2871 1953 2909 Gefahrde;
1977 2872 2154 2905 Fortsch
2164 2874 2300 2905 reitun
2307 2882 2329 2914 g

85 2969 89 2972 ι
147 2927 194 2957 ιιι
214 2925 265 2956 die
285 2924 372 2955 Seele
395 2925 498 2954 seines
519 2923 637 2962 Epos.“
